@incollection{ApplebaumBerez2009,
	address = {London},
	author = {Applebaum, Ayla and Berez, Andrea L. },
	booktitle = {Proceedings of the {C}onference on {L}anguage {D}ocumentation and {L}inguistic {T}heory 2},
	editor = {Austin, Peter K. and Bond, Oliver and Charette, Monik and Nathan, David and Sells, Peters},
	pages = {29--38},
	publisher = {School of Oriental and African Studies},
	title = {A theory is only as good as the data: {{C}}asting a wide net in Kabardian and Ahtna documentation},
	year = {2009}
}


@phdthesis{Berez2011,
	author = {Berez, Andrea L.},
	school = {University of California, Santa Barbara},
	title = {Directional {R}eference, {D}iscourse and {L}andscape in {A}htna},
	year = {2011}
}


@article{Berez2014,
	journal = {Linguistic Vanguard},
	volume = {1},
	number = {1},
	author = {Berez, Andrea L.},
	title = {Directionals, episodic structure, and geographic information systems: {{A}}rea/punctual distinctions in Ahtna travel narration},
	year = {2014}
}


@book{Chafe1994,
	address = {Chicago},
	title= {Discourse, {C}onsciousness and {T}ime: {T}he Flow and Displacement of Conscious Experience in Speaking and Writing},
	author = {Chafe, Wallace},
	publisher = {University of Chicago Press},
	year = {1994}
}


@misc{DuBois2006,
	author = {Du Bois, John W.},
	note = {Ms., University of California, Santa Barbara.},
	title = {Representing discourse},
	year = {2006}
}


@book{DuBois1992,
	address = {Santa Barbara},
	series = {Santa Barbara papers in linguistics, volume 4},
	title =  {Discourse transcription} ,
	author = {Du Bois, John W. and Cumming, Susanna and Schuetze-Coburn, Stephan and  Paolino, Danae},
	publisher = {University of California, Santa Barbara Department of Linguistics},
	year = {1992}
}


@book{Kari1982,
	address = {Fairbanks},
	author = {Kari, James},
	publisher = {Alaska Native Language Center},
	title = {Ahtna {P}lace {N}ames {L}ists},
	year = {1982}
}


@article{Kari1985,
	author = {Kari, James},
	journal = {International Journal of American Linguistics},
	number = {4},
	pages = {471--3},
	title = {A note on {A}thapaskan directionals},
	volume = {51},
	year = {1985}
}


@book{Kari1986,
	address = {Fairbanks},
	title = {Tatl’ahwt’aenn {N}enn’, {T}he {H}eadwaters {P}eople’s {C}ountry: {N}arratives of the {U}pper {A}htna {A}thabaskans},
	author = {Kari, James},
	publisher = {Alaska Native Language Center},
	year = {1986}
}


@book{Kari1990,
	address = {Fairbanks},
	author = {Kari, James},
	publisher = {Alaska Native Language Center},
	title = {Ahtna {A}thabascan {D}ictionary},
	year = {1990}
}


@book{Kari2008,
	address = {Fairbanks},
	author = {Kari, James},
	publisher = {Alaska Native Language Center},
	title = {Ahtna {P}lace {N}ames {L}ist, 2nd Edition Revised},
	year = {2008}
}


@book{Kari2010,
	address = {Fairbanks},
	booktitle = {Ahtna {A}thabaskan travel narratives: A demonstration of shared geographic knowledge among {A}laska {A}thabascans, told by {J}im {McKinley,} {F}rank {S}tickwan, {J}ake {T}ansy, {K}atie {J}ohn, {A}dam {S}anford},
	editor = {Kari, James},
	publisher = {Alaska Native Language Center},
	title = {Ahtna {A}thabaskan travel narratives: A demonstration of shared geographic knowledge among {A}laska {A}thabascans, told by {J}im {McKinley,} {F}rank {S}tickwan, {J}ake {T}ansy, {K}atie {J}ohn, {A}dam {S}anford},
	year = {2010}
}

@incollection{Kari2011,
author = {Kari, James},
year = {2011},
title = {A case study in {A}htna {A}thabascan geographic knowledge},
editor = {David M. Mark, Andrew G. Turk, Niclas Burenhult and Stea, David },
booktitle = {Landscape in {L}anguage: Transciplinary Perspectives, },
pages = {239--260},
address ={Amsterdam, Philadelphia},
publisher = {John Benjamins}
}

@book{KariFall2003,
	title = {Shem {P}ete’s {A}laska: The Territory of the {U}pper {C}ook {I}nlet {D}ena’ina},
	address = {Fairbanks},
	author = {Kari, James and Fall, James A.},
	publisher = {University of Alaska Press},
	year = {2003}
}

@incollection{Leer1989,
author = {Leer, Jeff},
year = {1989},
title = {Directional systems in {A}thapaskan and {Na-Dene}},
editor = {Eung-Do Cook and  Rice, Keren},
booktitle = {Athapaskan Linguistics: Current Perspectives on a Language Family},
address ={Berlin},
publisher = {Mouton de Gruyter}
}

@book{Mayes2003,
	title = {Language, social structure, and culture: a genre analysis of cooking classes in {J}apan and {A}merica},
	author = {Mayes, Patricia},
	address = {Amsterdam},
	publisher = {John Benjamins},
	year = {2003}
}


@book{Meyer1969,
	address = {New York},
	title = {Frog, Where are You?},
	author = {Meyer, Mercer},
	publisher = {Dial Books for Young Readers},
	year = {1969}
}


@article{MooreTlen2007,
	author = {Moore, Patrick and Daniel Tlen},
	journal = {Journal of Linguistic Anthropology},
	number = {2},
	pages = {266--86},
	title = {Indigenous linguistics and land claims: {{T}}he semiotic projection of {A}thabascan directionals in {E}lijah {S}mith’s radio work},
	volume = {17},
	year = {2007}
}


@book{Reckord1979,
	address = {Anchorage},
	author = {Reckord, Holly},
	publisher = {Bureau of Land Management},
	title = {A Case Study of {C}opper {C}enter, {A}laska},
	series = {Alaska OCS Socioeconomic Studies Program Technical Report Number 7},
	year = {1979}
}


@book{Reckord1983a,
	address = {Fairbanks},
	author = {Reckord, Holly},
	publisher = {University of Alaska},
	title = {That’s the Way we Live: Subsistence in the {W}rangell-{S}t. {E}lias {N}ational {P}ark and {P}reserve},
	series = {Anthropology and Historical Preservation Cooperative Park Studies Unit Occasional Paper No. 34},
	year = {1983}
}


@book{Reckord1983b,
	address = {Fairbanks},
	title = {Where Raven Stood: Cultural Resources of the {A}htna Region.},
	series = {Anthropology and Historical Preservation Cooperative Park Studies Unit Occasional Paper No. 35.},
	author = {Reckord, Holly},
	publisher = {University of Alaska},
	year = {1983}
}

@incollection{Slobin2004,
    address = {Mahwah, New Jersey},
    author = {Slobin, Dan I.},
    year= {2004},
    title = {The many ways to search for a frog: Linguistic typology and the expression of motion events},
    editor = {Strömqvist, Sven and  Verhoeven, Ludo},
    booktitle = {Relating Events in Narrative, volume 2: Typological and Contextual Perspective},
    pages = {219--258},
    publisher = {Lawrence Erlbaum Associates}
}

@book{SV2004,
    address = {Mahwah, New Jersey},
    title = {Relating Events in Narrative, volume 2: Typological and Contextual Perspective},
	author = {Strömqvist, Sven and  Verhoeven, Ludo},
	publisher = {Lawrence Erlbaum Associates},
	year = {2004}
}


@incollection{Talmy1985,
	address = {Cambridge},
	author = {Talmy, Leonard},
	booktitle = {Language Typology and Lexical Description, Volume 3: Grammatical Categories and the Lexicon},
	editor = {Timothy Shopen},
	pages = {36--149},
	publisher = {Cambridge University Press},
	title = {Lexicalization patterns: {{S}}emantic structure in lexical form},
	year = {1985}
}


@article{Talmy1991,
	author = {Talmy, Leonard},
	journal = {Proceedings of the Berkeley Linguistics Society},
	pages = {480--519},
	title = {Path to realization: {{A}} Typology of event conflation},
	volume = {17},
	year = {1991}
}


@book{Talmy2000,
	title = {Toward a Cognitive Semantics, Volume II: Typology and Process in Concept Structuring},
	address = {Cambridge, Massachusetts},
	author = {Talmy, Leonard},
	publisher = {MIT Press},
	year = {2000}
}


@book{Tansy1982,
	title = {Hwtsaay Hwt’aene Yenida’a: Legends of the Small Timber People},
	address = {Anchorage},
	author = {Tansy, Jake},
	publisher = {National Bilingual Materials Development Center},
	year = {1982}
}


@incollection{Wilkins2004,
	address = {Mahwah, New Jersey; London},
	author = {Wilkins, David P.},
	booktitle = {Relating Events in Narrative, Volume 2: Typological and Contextual Perspective},
	editor = {Sven Strömqvist and  Verhoeven, Ludo},
	pages = {143--58},
	publisher = {Lawrence Erlbaum Associates},
	title = {The verbalization of motion events in Arrernte},
	year = {2004}
}
