
@misc{
BibTeX,
   Title = {SOLR},
         Year = {} }




@misc{
BibTeX,
   Author = {Adam, Allan},
   Title = {First Nations language speaking project inc.},
         Year = {2008} }




@incollection{
AldereteJ2005,
   Author = {Alderete, John},
   Title = {On tone and length in Tahltan},
   BookTitle = {{Athabaskan} Prosody},
   Editor = {Hargus, Sharon and Rice, Keren},
   Publisher = {John Benjamins},
   Address = {Amsterdam},
   Pages = {185–207},
      Year = {2005} }




@incollection{
AldereteJBobT2005,
   Author = {Alderete, John and Bob, Tanya},
   Title = {A corpus-based approach to Tahltan stress},
   BookTitle = {{Athabaskan} prosody},
   Editor = {Hargus, Sharon and Rice, Keren},
   Publisher = {John Benjamins},
   Address = {Amsterdam},
   Pages = {369-391},
      Year = {2005} }




@article{
AkmajianAAndersonS1970,
   Author = {Akmajian, Adrian and Anderson, Stephen},
   Title = {On the use of the fourth person in Navajo, or Navajo made harder},
   Journal = {International Journal of American Linguistics},
   Volume = {36},
   Number = {1},
   Pages = {1-8},
      Year = {1970} }




@incollection{
AndersonAndersonSnapp1982,
   Author = {Anderson, John L. and Anderson, Joy and Snapp, Allen},
   Title = {Northern Paiute},
   BookTitle = {Studies in Uto-Aztecan grammar 3: Uto-Aztecan grammatical sketches, pt. 2},
   Editor = {Langacker, Ronald W.},
   Publisher = {Summer Institute of Linguistics and the University of Texas at Arlington},
   Address = {Dallas},
   Pages = {1-92},
      Year = {1982} }




@incollection{
AndrewsZoeHerter1998,
   Author = {Andrews, Thomas and Zoe, John and Herter, Aaron},
   Title = {On Yamǫ̀zhah's trail: Dogrib Sacred Sites and the Anthropology of Travel},
   BookTitle = {Sacred Lands: Aboriginal World Views, Claims, and Conflicts.},
   Editor = {Oakes, Jill and Riewe, Rick and Kinew, Kathi and Maloney, Elaine},
   Publisher = {University of Alberta},
   Address = {Edmonton},
   Pages = {305–320},
      Year = {1998} }




@article{
AokiH1966,
   Author = {Aoki, Haruo},
   Title = {Nez Perce vowel harmony and Proto-Sahaptian vowels},
   Journal = {Language},
   Volume = {42},
   Number = {4},
   Pages = {759-767},
      Year = {1966} }




@article{
ArmagostJ1985,
   Author = {Armagost, James L.},
   Title = {On predicting voiceless vowels in Comanche},
   Journal = {Kansas Working Papers in Linguistics},
   Volume = {10},
   Number = {2},
   Pages = {1-15},
      Year = {1985} }




@article{
ArmagostJ1986,
   Author = {Armagost, James L.},
   Title = {Three exceptions to vowel devoicing in Comanche},
   Journal = {Anthropological Linguistics},
   Volume = {28},
   Number = {3},
   Pages = {255-265},
      Year = {1986} }




@incollection{
ArmagostJ1988,
   Author = {Armagost, James L.},
   Title = {Recent advances in predicting Comanche's voiceless vowels},
   BookTitle = {Occasional Papers in Linguistics},
   Publisher = {Department of Linguistics SiU},
   Address = {Carbondale},
   Volume = {14},
   Pages = {61-71},
      Year = {1988} }




@book{
AttlaC1983,
   Author = {Attla, Catherine},
   Title = {Sitsiyh yʉgh noholnik ts’in’ (As my grandfather told it): Traditional stories from the Koyukuk by Catherine Attla.},
   Publisher = {{Alaska} Native Language Center.},
   Address = {Fairbanks},
   Keywords = {{Koyukon}
{Athabascan}
narrative collection},
   Year = {1983} }




@book{
AttlaC1990,
   Author = {Attla, Catherine},
   Title = {K’etaalkkaanee (The one who paddled among the people and animals): The story of an ancient traveler},
   Publisher = {{Alaska} Native Language Center},
   Address = {Fairbanks},
   Keywords = {{Koyukon}
{Athabascan}
narrative collection
Traveler myth},
   Year = {1990} }




@book{
AttlaC1995,
   Author = {Attla, Catherine},
   Title = {Bekk'aatʉgh ts'ʉhʉney: Stories we live by. Traditional {Koyukon} {Athabaskan} stories. Introduction by Chad Thompson with Eliza Jones, transcribed by Eliza Jones, translated by Eliza Jones and Chad Thompson, illustrated by Cindy Davis},
   Publisher = {{Alaska} Native Language Center},
   Address = {Fairbanks},
      Year = {1995} }




@incollection{
AuerP1996,
   Author = {Auer, Peter},
   Title = {On the syntax and prosody of turn-continuations},
   BookTitle = {Prosody in conversation},
   Editor = {Couper-Kuhlen, Elisabeth and Selting, Margaret},
   Publisher = {Cambridge University Press},
   Address = {Cambridge},
   Pages = {57-100},
   Keywords = {German; increments; prosody; syntax},
   Year = {1996} }




@article{
AxelrodM1990,
   Author = {Axelrod, Melissa},
   Title = {Incorporation in {Koyukon} Athapaskan},
   Journal = {International Journal of American Linguistics},
   Volume = {56},
   Number = {2},
   Pages = {179–195},
      Year = {1990} }




@book{
AxelrodM1993,
   Author = {Axelrod, Melissa},
   Title = {The semantics of time: Aspectual categorization in {Koyukon} {Athabaskan}},
   Publisher = {University of Nebraska Press},
   Address = {Lincoln},
      Year = {1993} }




@incollection{
AxelrodM2000,
   Author = {Axelrod, Melissa},
   Title = {The semantics of classification in {Koyukon} {Athabascan}},
   BookTitle = {The {Athabaskan} languages: Perspectives on a Native American language family},
   Editor = {Fernald, Theodore B. and Platero, Paul R.},
   Publisher = {Oxford University Press},
   Address = {Oxford},
      Year = {2000} }




@incollection{
Barth-WeingartenD2009,
   Author = {Barth-Weingarten, Dagmar},
   Title = {When to say something—Some observations on prosodic-phonetic cues to the placement and types of responses in multi-unit turns.},
   BookTitle = {Where prosody meets pragmatics},
   Editor = {Barth-Weingarten, Dagmar and Dehé, Nicole and Wichmann, Anne},
   Publisher = {Emerald Group Publishing},
   Address = {Bingley},
   Pages = {143-181},
   Keywords = {conversation analysis; german; english; response},
   Year = {2009} }




@inproceedings{
BarthmeierP1998,
   Author = {Barthmeier, Paul},
   Title = {Lushootseed vowels – a preliminary phonetic study},
   BookTitle = {Proceedings of the International Conference on Salish and Neighboring Languages 33},
   Publisher = {UBC Press},
   Pages = {1-11},
      Year = {1998} }




@phdthesis{
BascomB1965,
   Author = {Bascom, Burton William},
   Title = {Proto-Tepiman (Tepehuan-Piman)},
   School = {University of Washington},
      Year = {1965} }




@book{
BassoK1990,
   Author = {Basso, Keith H.},
   Title = {Western Apache language and culture: Essays in linguistic anthropology},
   Publisher = {The University of Arizona Press},
   Address = {Tucson},
   Keywords = {Western Apache
{Athabascan}
linguistic anthropology},
   Year = {1990} }




@book{
BassoK1996,
   Author = {Basso, Keith H.},
   Title = {Wisdom sits in places: Landscape and language among the Western Apache},
   Publisher = {University of New Mexico Press},
   Address = {Albuquerque},
      Year = {1996} }




@book{
BaumanRSherzerJ1989,
   Editor = {Bauman, Richard and Sherzer, Joel},
   Title = {Explorations in the ethnography of speaking},
   Publisher = {Cambridge University Press},
   Address = {Cambridge},
      Year = {1989} }




@article{
BaumanSRiesterA2013,
   Author = {Bauman, Stefan and Riester, Arndt},
   Title = {Coreference, lexical givenness and prosody in German},
   Journal = {Lingua},
   Volume = {136},
   Pages = {16–37},
      Year = {2013} }




@article{
BeckDBennetD2007,
   Author = {Beck, David and Bennet, David},
   Title = {Extending the prosodic hierarchy: Evidence from Lushotseed narrative},
   Journal = {Northwest Journal of Linguistics},
   Volume = {1},
   Number = {1},
   Pages = {1–34},
      Year = {2007} }




@article{
BerezA2011paper,
   Author = {Berez, Andrea L.},
   Title = {Intonation as a genre-distinguishing feature in {Ahtna}: A quantitative approach},
   Journal = {Functions of Language},
   Volume = {18},
   Number = {2},
   Pages = {210-236},
      Year = {2011} }




@phdthesis{
BerezA2011diss,
   Author = {Berez, Andrea L.},
   Title = {Directional reference, discourse, and landscape in {Ahtna}},
   School = {University of California Santa Barbara},
      Year = {2011} }




@inproceedings{
BessellN1997,
   Author = {Bessell, Nicola},
   Title = {St'át'imcets vowels and consonants: a phonetic study},
   BookTitle = {International Conference on Salish and Neighboring Languages 32},
   Pages = {64-85},
      Year = {1997} }




@article{
Bessell1998,
   Author = {Bessell, Nicola},
   Title = {Local and non-local consonant-vowel interaction in Interior Salish},
   Journal = {Phonology},
   Volume = {15},
   Number = {1},
   Pages = {1-40},
      Year = {1998} }




@inproceedings{
Bianco1998,
   Author = {Bianco, Violet},
   Title = {Stress Assignment in Halkomelem-Cowichan Roots},
   BookTitle = {Proceedings of the International Conference for Salish and Neighboring Languages 33},
   Pages = {60-76},
      Year = {1998} }




@incollection{
Bittle1963,
   Author = {Bittle, William E.},
   Title = {Kiowa-Apache},
   BookTitle = {Studies in {Athabaskan} Languages},
   Editor = {Hoijer, Harry},
   Publisher = {University of California Press},
   Address = {Berkeley},
   Pages = {76-101},
      Year = {1963} }




@inproceedings{
Black1998,
   Author = {Black, Deirdre},
   Title = {Clarifying the Identity of Weak Root Vowels and the Epenthetic Vowel in Spokane},
   BookTitle = {Proceedings of the International Conference on Salish and Neighboring Languages 33},
   Pages = {77-84},
      Year = {1998} }




@article{
Blevins1993,
   Author = {Blevins, Juliette},
   Title = {Klamath laryngeal phonology},
   Journal = {International Journal of American Linguistics},
   Volume = {59},
   Number = {3},
   Pages = {237-279},
      Year = {1993} }




@article{
Blevins2003,
   Author = {Blevins, Juliette},
   Title = {One Case of Contrast Evolution in the Yurok Vowel System},
   Journal = {International Journal of American Linguistics},
   Volume = {69},
   Number = {2},
   Pages = {135-150},
      Year = {2003} }




@misc{
BibTeX,
   Author = {Blevins, Juliette},
   Title = {The life cycle of voiceless sonorants: A study in differential phonologization},
         Year = {2012} }




@article{
Bloomfield1925,
   Author = {Bloomfield, Leonard},
   Title = {Notes on the Fox language},
   Journal = {International Journal of American Linguistics},
   Volume = {3},
   Number = {2/4},
   Pages = {219-232},
      Year = {1925} }




@book{
Bloomfield1928,
   Author = {Bloomfield, Leonard},
   Title = {Menomini texts},
   Publisher = {G. E. Stechert & Co.},
   Address = {New York},
   Series = {Publications of the American Ethnological Society, Vol. XII},
      Year = {1928} }




@book{
Bloomfield1952,
   Author = {Bloomfield, Leonard},
   Title = {Eastern Ojibwa: Grammatical sketch, texts, and word list},
   Publisher = {The University of Michigan Press},
   Address = {Ann Arbor},
      Year = {1956} }




@book{
Bloomfield1962,
   Author = {Bloomfield, Leonard},
   Title = {The Menomini language, ed. Charles F. Hockett},
   Publisher = {Yale University Press},
   Address = {New Haven},
      Year = {1962} }




@book{
Boas1901,
   Author = {Boas, Franz},
   Title = {Kathlamet texts},
   Publisher = {Smithsonian},
   Address = {Washington},
      Year = {1901} }




@article{
Boas1914,
   Author = {Boas, Franz},
   Title = {Mythology and folk-tales of the North American Indians},
   Journal = {Journal of American Folklore},
   Volume = {27},
   Number = {106},
   Pages = {374-410},
      Year = {1914} }




@article{
Boas1947,
   Author = {Boas, Franz},
   Title = {Kwakiutl grammar with a glossary of the suffixes},
   Journal = {Transactions of the American Philosophical Society, New Series},
   Volume = {37},
   Number = {3},
   Pages = {203-377},
      Year = {1947} }




@book{
Bonvillain1973,
   Author = {Bonvillain, Nancy},
   Title = {A grammar of Akwesasne Mohawk},
   Publisher = {National Museum of Man},
   Address = {Ottawa},
   Series = {Mercury Series, Ethnology division paper No. 8},
      Year = {1973} }




@incollection{
BoraasKari2001,
   Author = {Boraas, Alan and Kari, James},
   Title = {Preface to the 2001 edition},
   BookTitle = {The collected writings of Peter Kalifornsky},
   Editor = {Kalifornski, Peter},
   Publisher = {{Alaska} Native Language Center},
   Address = {Fairbanks},
      Year = {2001} }




@article{
Boyle2011,
   Author = {Boyle, John P.},
   Title = {Switch-Reference in Hidatsa: The Evolution of a Grammatical System},
   Journal = {International Journal of American Linguistics},
   Volume = {77},
   Number = {3},
   Pages = {413-428},
      Year = {2011} }




@article{
BreenFedorenkoWagnerGibson2010,
   Author = {Breen, Mara and Fedorenko, Evelina and Wagner, Michael and Gibson, Edward},
   Title = {Acoustic correlates of information structure},
   Journal = {Language and Cognitive Processes},
   Volume = {25},
   Number = {7-9},
   Pages = {1044-1098},
      Year = {2010} }




@article{
BriggsBauman1992,
   Author = {Briggs, Charles L. and Bauman, Richard},
   Title = {Genre, intertextuality, and social power},
   Journal = {Journal of Linguistic Anthropology},
   Volume = {2},
   Number = {2},
   Pages = {131-172},
      Year = {1992} }




@article{
Bright1964,
   Author = {Bright, Jane O.},
   Title = {The phonology of Smith River {Athabaskan} (Tolowa)},
   Journal = {International Journal of American Linguistics},
   Volume = {30},
   Number = {2},
   Pages = {101-107},
      Year = {1964} }




@book{
BrightW1975,
   Author = {Bright, William},
   Title = {The Karok language},
   Publisher = {University of California Press},
   Address = {Berkeley},
      Year = {1957} }




@article{
BrittainJ2000,
   Author = {Brittain, Julie},
   Title = {A Metrical Analysis of Primary Stress Placement in Southern East Cree},
   Journal = {International Journal of American Linguistics},
   Volume = {66},
   Number = {2},
   Pages = {181-217},
      Year = {2000} }




@book{
BroadbentS1964,
   Author = {Broadbent, Sylvia M.},
   Title = {The Southern Sierra Miwok language},
   Publisher = {University of California Press},
   Address = {Berkeley},
   Series = {University of California Publications in Linguistics 38},
      Year = {1964} }




@book{
BroadwellG2006,
   Author = {Broadwell, George Aaron},
   Title = {A Choctaw reference grammar},
   Publisher = {University of Nebraska Press},
   Address = {Lincoln},
      Year = {2006} }

@phdthesis{
BrucksC2015,
   Author = {Brucks, Caleb},
   Title = {The Creation of Narrative Space: The directional system of {Upper Tanana}},
   School = {Masters thesis, University of Regina.},
      Year = {2015} }


@article{
BuccaSLesserA1969,
   Author = {Bucca, Salvador and Lesser, Alexander},
   Title = {Kitsai phonology and morphophonemics},
   Journal = {International Journal of American Linguistics},
   Volume = {35},
   Number = {1},
   Pages = {7-19},
      Year = {1969} }




@book{
BuckleyE1994,
   Author = {Buckley, Eugene},
   Title = {Theoretical aspects of Kashaya phonology and morphology},
   Publisher = {CSLI Publications},
   Address = {Stanford},
      Year = {1994} }




@article{
BurdinRClopperCPhillips-BourrassSTomhauserJYasavulM2013,
   Author = {Burdin, Rachel and Clopper, Cynthia and Phillips-Bourass, Sara and Tonhauser, Judith and Yasavul, Murat},
   Title = {Variation in the prosody of contrastive focus in head- and edge-marking languages},
      Year = {2013} }

@phdthesis{
BuschJ2000,
   Author = {Busch, John},
   Title = {Finding Your Way through a Story: Direction Terms in Gwich'in Narrative},
   School = {University of {Alaska}, Fairbanks},
   Type = {Master's Thesis},
      Year = {2000} }



@article{
BybeeJ1998,
   Author = {Bybee, Joan L.},
   Title = {"Irrealis" as a grammatical category},
   Journal = {Anthropological Linguistics},
   Volume = {40},
   Number = {2},
   Pages = {257–271},
      Year = {1998} }




@book{
CampbellL1997,
   Author = {Campbell, Lyle},
   Title = {American Indian Languages: The historical linguistics of native America},
   Publisher = {Oxford University Press},
   Address = {New York, Oxford},
      Year = {1997} }




@article{
CanongeE1952,
   Author = {Canonge, Elliot D.},
   Title = {Voiceless vowels in Comanche},
   Journal = {International Journal of American Linguistics},
   Volume = {23},
   Number = {2},
   Pages = {63-67},
      Year = {1952} }




@article{
CarlsonBEslongJFraserK2001,
   Author = {Carlson, Barry F. and Esling, John H. and Fraser, Katie},
   Title = {Nuuchahnulth},
   Journal = {Journal of the International Phonetic Association},
   Volume = {31},
   Number = {2},
   Pages = {275-279},
      Year = {2001} }




@book{
CaseM1986,
   Author = {Case, Martha F.},
   Title = {Wild resource use in Northway, {Alaska}},
   Publisher = {{Alaska} Department of Fish & Game, Division of Subsistence },
   Address = {Anchorage},
   Series = {{Alaska} Department of Fish & Game, Division of Subsistence Technical Paper},
   Keywords = {{Upper Tanana}
{Athabascan}
subsistence
},
   Year = {1986} }




@book{
YNLC1997,
   Author = {Centre, Yukon Native Language},
   Title = {{Upper Tanana} Literacy Session. November 12 - 14, 1997},
   Publisher = {Yukon Native Language Centre},
   Address = {Whitehorse},
   Keywords = {{Upper Tanana}
{Athabascan}
literacy},
   Year = {1997} }




@book{
YNLC2001,
   Author = {Centre, Yukon Native Language},
   Title = {White River First Nation Language Session ({Upper Tanana}). February 28 - March
2, 2001},
   Publisher = {Yukon Native Language Centre},
   Address = {Whitehorse},
   Keywords = {{Upper Tanana}
{Athabascan}
literacy
},
   Year = {2001} }




@article{
ChafeW1960,
   Author = {Chafe, Wallace L.},
   Title = {Seneca Morphology I: Introduction},
   Journal = {International Journal of American Linguistics},
   Volume = {26},
   Number = {1},
   Pages = {11-22},
      Year = {1960} }




@book{
ChafeW1980pear,
   Editor = {Chafe, Wallace L.},
   Title = {The pear stories: Cognitive, cultural and linguistic aspects of narrative prodiction},
   Publisher = {Ablex Publishing Corporation},
   Address = {Norwood, N.J.},
   Volume = {III},
  Series = {Advances in discourse processes},
      Year = {1980} }




@incollection{
ChafeW1980consciousness,
   Author = {Chafe, Wallace L.},
   Title = {The development of consciousness in the production of a narrative},
   BookTitle = {The pear stories: Cognitive, cultural, and linguistic aspects of narrative production.},
   Editor = {Chafe, Wallace L.},
   Publisher = {Ablex Publishing Corporation},
   Address = {Norwood},
   Pages = {9-50},
      Year = {1980} }




@book{
ChafeW1994,
   Author = {Chafe, Wallace L.},
   Title = {Discourse, consciousness, and time: The flow and displacement of conscious experience in speaking and writing},
   Publisher = {The University of Chicago Press},
   Address = {Chicago, London},
      Year = {1994} }




@incollection{
ChafeW1996,
   Author = {Chafe, Wallace L.},
   Title = {Sketch of Seneca, an Iroquoian Language},
   BookTitle = {Handbook of North American Indians, Vol. 17: Languages},
   Editor = {Goddard, Ives},
   Publisher = {Smithsonian},
   Address = {Washington},
   Pages = {551–579},
      Year = {1996} }




@incollection{
ChafeW2005,
   Author = {Chafe, Wallace L.},
   Title = {Caddo},
   BookTitle = {Native Languages of the Southeastern United States},
   Editor = {Hardy, Heather K. and Scancarelli, Janine},
   Publisher = {University of Nebraska Press},
   Address = {Lincoln},
   Pages = {323-350 },
      Year = {2005} }




@incollection{
ChambersJ1978,
   Author = {Chambers, J.K.},
   Title = {Dakota accent},
   BookTitle = {Linguistic Studies of Native Canada},
   Editor = {Cook, Eung-Do and Kaye, Jonathan},
   Publisher = {University of British Columbia Press},
   Address = {Vancouver},
   Pages = {3–18},
      Year = {1978} }




@article{
ChambersJShawP1980,
   Author = {Chambers, J.K. and Shaw, Patricia A.},
   Title = {Systematic obfuscation of morphology in Dakota},
   Journal = {Linguistic Inquiry},
   Volume = {11},
   Number = {2},
   Pages = {325-336},
      Year = {1980} }




@book{
CharlieT1991,
   Author = {Charlie, Teddy},
   Title = {Ode Setl'Oghwnh Da': Long After I Am Gone, Stories by Teddy Charlie Told in Lower Tanana {Athabaskan} of Minto},
      Year = {1991} }




@book{
Charney1993,
   Author = {Charney, Jean Ormsbee},
   Title = {A grammar of Comanche},
   Publisher = {University of Nebraska Press},
   Address = {Lincoln},
      Year = {1993} }




@phdthesis{
ChristC1995,
   Author = {Christ, Charlotte A.},
   Title = {Some thoughts on metaphor and meaning with examples from Navajo},
   School = {The University of New Mexico},
   Type = {Master's Thesis},
      Year = {1995} }




@incollection{
ChungSTimberlakeA1985,
   Author = {Chung, Sandra and Timberlake, Alan},
   Title = {Tense, aspect, and mood},
   BookTitle = {Language Typology and Syntactic Description, Vol. III: Grammatical Categories and the Lexicon},
   Editor = {Shopen, Timothy},
   Publisher = {Cambridge University Press},
   Address = {Cambridge},
   Pages = {202–258},
      Year = {1985} }




@book{
ClarkeS1982,
   Author = {Clarke, Sandra},
   Title = {North-west river (Sheshātshīt) Montagnais: A grammatical sketch},
   Publisher = {National Museums of Canada},
   Address = {Ottawa},
   Series = {Canadian Ethnology Service Paper No. 80},
      Year = {1982} }




@article{
ClopperCTonhauserJ2013,
   Author = {Clopper, Cynthia and Tonhauser, Judith},
   Title = {The prosody of focus in Paraguayan Guaraní},
   Journal = {International Journal of American Linguistics},
   Volume = {79},
   Number = {2},
   Pages = {219–251},
      Year = {2013} }




@phdthesis{
ColemanP1976,
   Author = {Coleman, Phyllis},
   Title = {Dogrib phonology},
      Year = {1976} }




@article{
CollinsJ1989,
   Author = {Collins, James},
   Title = {Nasalization, lengthening, and phonological rhyme in Tolowa},
   Journal = {International Journal of American Linguistics},
   Volume = {55},
   Number = {3},
   Pages = {326-340},
      Year = {1989} }




@incollection{
CookC2006,
   Author = {Cook, Clare},
   Title = {Prosodic correlates of Plains Cree clause boundaries: Patterns from two speakers},
   BookTitle = {Actes du 37e Congrès des Algonquinistes},
   Editor = {Wolfart, H.C.},
   Publisher = {Université du Manitoba},
   Address = {Winnipeg},
   Pages = {1-27},
      Year = {2006} }




@article{
CookED1971,
   Author = {Cook, Eung-Do},
   Title = {Vowels and tones in Sarcee},
   Journal = {Language},
   Volume = {47},
   Number = {1},
   Pages = {164-179},
      Year = {1971} }




@article{
CookED1972,
   Author = {Cook, Eung-Do},
   Title = {Stress and related rules in Tahltan},
   Journal = {International Journal of American Linguistics},
   Volume = {38},
   Number = {4},
   Pages = {231-233},
      Year = {1972} }




@article{
CookED1983,
   Author = {Cook, Eung-Do},
   Title = {Chipewyan vowels},
   Journal = {International Journal of American Linguistics},
   Volume = {49},
   Number = {4},
   Pages = {413–427},
      Year = {1983} }




@article{
CookED1993,
   Author = {Cook, Eung-Do},
   Title = {Chilcotin flattening and autosegmental phonology},
   Journal = {Lingua},
   Volume = {91},
   Pages = {149-174},
      Year = {1993} }




@article{
CookED1996,
   Author = {Cook, Eung-Do},
   Title = {Third-person plural subject prefix in Northern Athapaskan},
   Journal = {International Journal of American Linguistics},
   Volume = {62},
   Number = {1},
   Pages = {86-110},
      Year = {1996} }




@book{
CookED2004,
   Author = {Cook, Eung-Do},
   Title = {A grammar of Dëne Sųłiné (Chipewyan). Algonquian and Iroquoian Linguistics – Special {Athabaskan} Number, Memoir 17},
   Publisher = {Algonquian and Iroquoian Linguistics},
   Address = {Winnipeg},
      Year = {2004} }




@article{
CookED2006,
   Author = {Cook, Eung-Do},
   Title = {The Patterns of Consonantal Acquisition and Change in Chipewyan (Dene Suline)},
   Journal = {International Journal of American Linguistics},
   Volume = {72},
   Number = {2},
   Pages = {236–263},
      Year = {2006} }




@book{
CookED2013,
   Author = {Cook, Eung-Do},
   Title = {A Tsilqút'ín Grammar},
   Publisher = {UBCPress},
   Address = {Vancouver},
      Year = {2013} }




@book{
CouperKuhlenESeltingM1996,
   Editor = {Couper-Kuhlen, Elisabeth and Selting, Margaret},
   Title = {Prosody in conversation},
   Publisher = {Cambridge University Press},
   Address = {Cambridge},
      Year = {1996} }




@article{
CowanW1983,
   Author = {Cowan, William},
   Title = {The Development of Suprasegmental Inflections in Montagnais},
   Journal = {International Journal of American Linguistics},
   Volume = {49},
   Number = {1},
   Pages = {64-71},
      Year = {1983} }




@book{
CowellAMossA2008,
   Author = {Cowell, Andrew with Alonzo Moss},
   Title = {The Arapaho language},
   Publisher = {University Press of Colorado},
   Address = {Boulder},
      Year = {2008} }




@article{
CravenAPotterJ2010,
   Author = {Craven, Alexandra and Potter, Jonathan},
   Title = {Directives: Entitlement and contingency in action},
   Journal = {Discourse Studies},
   Volume = {12},
   Number = {4},
   Pages = {419–442},
      Year = {2010} }




@book{
CroftW2001,
   Author = {Croft, William},
   Title = {Radical Construction Grammar},
   Publisher = {Oxford University Press},
   Address = {Oxford},
      Year = {2001} }




@article{
CrowellE1949,
   Author = {Crowell, Edith E.},
   Title = {A preliminary report on Kiowa structure},
   Journal = {International Journal of American Linguistics},
   Volume = {15},
   Number = {3},
   Pages = {163-167},
      Year = {1949} }


@article{
CruikshankJ1990,
   Author = {Cruikshank, Julie},
   Title = {Getting the words right: perspectives on naming and places in Athapaskan oral history},
   Journal = {Arctic Anthropology},
   Volume = {27},
      Pages = {52-65},
      Year = {1990} }

@book{
CrumBDayleyJ1993,
   Author = {Crum, Beverley and Dayley, Jon P.},
   Title = {Western Shoshoni Grammar},
   Publisher = {Department of Anthropology, Boise State University},
   Address = {Boise},
   Series = {Boise State University Occasional Papers and Monographs in Cultural Anthropology and Linguistics Volume},
      Year = {1993} }




@book{
CrumrineL1961,
   Author = {Crumrine, Lynne S.},
   Title = {The phonology of Arizona Yaqui: with texts},
   Publisher = {University of Arizona Press},
   Address = {Tucson},
      Year = {1961} }




@phdthesis{
CumberlandL2005,
   Author = {Cumberland, Linda A.},
   Title = {A grammar of Assiniboine: A Siouan language of the Northern Plains.},
   School = {Indiana University},
      Year = {2005} }




@incollection{
CummingSOnoT1997,
   Author = {Cumming, Susanna and Ono, Tsuyushi},
   Title = {Discourse and grammar},
   BookTitle = {Discourse as structure and process. Discourse Studies: A multidisciplinary introduction. Volume 1},
   Editor = {van Dijk, Teun A.},
   Publisher = {SAGE Publications},
   Address = {London, Thousand Oaks, New Delhi},
   Pages = {NEED TO LOOK UP},
      Year = {1997} }




@article{
CurlTDrewP2008,
   Author = {Curl, Traci S. and Drew, Paul},
   Title = {Contingency and action: A comparison of two forms of requesting},
   Journal = {Research on Language and Social Interaction},
   Volume = {41},
   Number = {2},
   Pages = {129–153},
      Year = {2008} }




@incollection{
Cyr1996,
   Author = {Cyr, Danielle},
   Title = {Montagnais: An ethnogrammatical description},
   BookTitle = {Quebec's aboriginal languages: History, planning, development},
   Editor = {Maurais, Jacques},
   Publisher = {Multilingual Matters LTD},
   Address = {Clevedon et al.},
   Pages = {174-203},
      Year = {1996} }




@article{
CzaykowskaHigginsEWilletM1997,
   Author = {Czaykowska-Higgins, Eva and Willett, Marie Louise},
   Title = {Simple syllables in Nxaˀamxcín},
   Journal = {International Journal of American Linguistics},
   Volume = {63},
   Number = {3},
   Pages = {385-411},
      Year = {1997} }




@book{
DavidC2011,
   Author = {David, Cora},
   Title = {Teedląy t’iin naholndak niign: Stories by the {Tetlin} people. Edited by Olga Lovick},
   Publisher = {{Alaska} Native Language Center},
   Address = {Fairbanks},
      Year = {2011} }



@book{
DavidCforthc,
   Author = {David, Cora},
   Title = {Teedląy t'iin naholndak niign: Stories by the {Tetlin} people. Expanded edition. Edited by Olga Lovick},
   Publisher = {{Alaska} Native Language Center},
   Address = {Fairbanks},
      Year = {forthc.} }




@misc{
BibTeX,
   Author = {David, Titus},
   Title = {Niithaadn dą' ts'anh {Noonagn}. {Upper} {Tanana} ({Tetlin}) Old-time stories, transcribed and edited by Paul Milanowski, translated by Titus David. Ms. in possession of author, courtesy of Paul Milanowski},
         Year = {2006} }




@article{
DavisI1962,
   Author = {Davis, Irvine},
   Title = {Phonological function in Cheyenne},
   Journal = {International Journal of American Linguistics},
   Volume = {28},
   Number = {1},
   Pages = {36-42},
      Year = {1962} }




@misc{
BibTeX,
   Author = {Davis, John H.},
   Title = {Notes on Mainland Comox phonology},
         Year = {1970} }




@book{
deLaguna1995,
   Editor = {de Laguna, Frederica},
   Title = {Tales from the Dena: Indian stories from the Tanana, Koyukuk, and Yukon rivers.},
   Publisher = {University of Washington Press},
   Address = {Seattle, London},
   Keywords = {{Koyukon}
Lower Tanana
Gwich'in
narrative collection
linguistic anthropology},
   Year = {1995} }




@incollection{
deReuseW2003,
   Author = {de Reuse, Willem Joseph},
   Title = {Evidentiality in Western Apache ({Athabaskan})},
   BookTitle = {Studies in evidentiality},
   Editor = {Aikhenvald, Alexandra Y. and Dixon, R. M. W.},
   Publisher = {John Benjamins Publishing Company},
   Address = {Amsterdam},
   Pages = {79-100},
   Keywords = {Western Apache
{Athabascan}
evidentiality
},
   Year = {2003} }




@book{
deReuseW2006,
   Author = {de Reuse, Willem Joseph},
   Title = {A practical grammar of the San Carlos Apache language},
   Publisher = {LINCOM},
   Address = {München},
   Series = {LINCOM Studies in Native American Linguistics 51},
      Year = {2006} }




@inproceedings{
deReuseMullinK2005,
   Author = {de Reuse, Willem Joseph and Mullin, Kevin},
   Title = {Western Apache recipes: Pragmatics and discourse structure },
   BookTitle = {Paper presented at the Society for the Study of the Indigenous Languages of the Americas Annual Meeting},
   Address= {Oakland, CA},
      Year = {2005} }




@book{
DedrickJCasadE1999,
   Author = {Dedrick, John M. and Casad, Eugene H.},
   Title = {Sonora Yaqui language structures},
   Publisher = {University of Arizona Press},
   Address = {Tucson},
      Year = {1999} }




@article{
deLanceyS1990,
   Author = {deLancey, Scott},
   Title = {Notes on Evidentiality in Hare},
   Journal = {International Journal of American Linguistics},
   Volume = {56},
   Number = {1},
   Pages = {152-158},
      Year = {1990} }




@incollection{
DeMallieMillerD2001,
   Author = {DeMallie, Raymond J. and Miller, David R.},
   Title = {Assiniboine},
   BookTitle = {Handbook of North American Indians, vol. 13: Plains},
   Editor = {DeMallie, Raymond J.},
   Publisher = {Smithsonian Institution},
   Address = {Washington},
   Pages = {572–595},
      Year = {2001} }




@book{
DemitEJoeD2010,
   Author = {Demit, Ellen and Joe, David},
   Title = {The Adventures of Yabaa Teeshaay: First man stories from Healy Lake as told by Ellen Demit and David Joe. Edited by Constance Ann Friend. {Athabascan} translated and transcribed by Irene L. Arnold and Richard Thoman.},
   Publisher = {{Alaska} Native Knowledge Network},
   Address = {Fairbanks},
   Keywords = {Tanacross
{Athabascan}
narrative collection
Traveler myth},
   Year = {2010} }




@article{
DoraisJL1986,
   Author = {Dorais, Louis-Jacques},
   Title = {Inuktitut surface phonology: A trans-dialectal survey},
   Journal = {International Journal of American Linguistics},
   Volume = {52},
   Number = {1},
   Pages = {20-53},
      Year = {1986} }




@book{
DoraisJL2010,
   Author = {Dorais, Louis-Jacques},
   Title = {The language of the Inuit: Syntax, semantics, and society in the Arctic},
   Publisher = {McGill-Queen's University Press},
   Address = {Montral & Kingston},
      Year = {2010} }




@article{
DryerM1997,
   Author = {Dryer, Matthew S.},
   Title = {On the six-way word order typology},
   Journal = {Studies in Language},
   Volume = {21},
   Number = {1},
   Pages = {69-103},
      Year = {1997} }




@article{
DuBoisJ1987,
   Author = {Du Bois, John W.},
   Title = {The discourse basis of ergativity},
   Journal = {Language},
   Volume = {63},
   Number = {4},
   Pages = {805-855},
      Year = {1987} }




@book{
DunnJ1978,
   Author = {Dunn, John Asher},
   Title = {A practical dictionary of the Coast Tsimshian language},
   Publisher = {National Museums of Canada},
   Address = {Ottawa},
   Series = {Canadian Ethnology Service Paper No. 42},
      Year = {1978} }




@article{
DyckC2009,
   Author = {Dyck, Carrie},
   Title = {Defining the word in Cayuga (Iroquoian)},
   Journal = {International Journal of American Linguistics},
   Volume = {75},
   Number = {4},
   Pages = {571-605},
      Year = {2009} }




@phdthesis{
DyckR2004,
   Author = {Dyck, Ruth Anne},
   Title = {Prosodic and Morphological Factors in Squamish (Skwxwú7mesh) Stress Assignment},
   School = {University of Victoria},
      Year = {2004} }




@article{
EastonN2008,
   Author = {Easton, Norm Alexander},
   Title = {It's hard enough to control yourself; it's ridiculous to think you can control animals: Competing views on the bush in contemporary Yukon},
   Journal = {The Northern Review},
   Volume = {29},
   Pages = {21-38},
   Keywords = {{Upper Tanana}
{Athabascan}
anthropology
subsistence},
   Year = {2008} }




@book{
EatoughA1999,
   Author = {Eatough, Andrew},
   Title = {Central Hill Nisenan texts with grammatical sketch},
   Publisher = {University of California Press},
   Address = {Berkeley},
   Series = {University of California Publications in Linguistics },
      Year = {1999} }




@book{
EllannaLBallutaA1982,
   Author = {Ellanna, Linda J. and Balluta, Andrew},
   Title = {Nuvendaltin Quht'ana: The people of Nondalton},
   Publisher = {Smithsonian Institution Press},
   Address = {Washington D.C., London},
   Keywords = {Dena'ina
{Athabascan}
ethnography
},
   Year = {1982} }




@article{
ErvinTrippS1976,
   Author = {Ervin-Tripp, Susan},
   Title = {Is Sybil there? The structure of some American English directives},
   Journal = {Language in Society},
   Volume = {5},
   Number = {1},
   Pages = {25–66},
      Year = {1976} }




@techreport{
FallJ1990,
   Author = {Fall, James A.},
   Title = {Upper Cook Inlet Dena'ina oral traditions: An introduction to the narrative art of an {Alaska}n {Athabaskan} people},
   Institution = {{Alaska} Humanities Forum},
   Keywords = {Dena'ina
{Athabascan}
narrative collection
ethnography of speaking
},
   Year = {1990} }




@book{
FaltzL1998,
   Author = {Faltz, Leonard M.},
   Title = {The Navajo verb: A grammar for students and scholars},
   Publisher = {University of New Mexico Press},
   Address = {Albuquerque},
      Year = {1998} }




@misc{
BibTeX,
   Author = {Farnell, Brenda},
   Title = {Wiyuta: Assiniboine storytelling with signs (CD-ROM)},
   Publisher = {University of Texas Press},
         Year = {1995} }




@misc{
BibTeX,
   Author = {Fernald, Theodore B. and Perkins, Ellavina T.},
   Title = {Navajo coordination},
   Publisher = {{Alaska} Native Language Center},
   Pages = {91-132},
         Year = {2006} }




@article{
FérySkopeteasHörnig2010,
   Author = {Féry, Caroline and Skopeteas, Stavros and Hörnig, Robin},
   Title = {Cross-linguistic comparison of prosody, syntax, and information structure in a production experiment on localising expressions},
   Journal = {Transactions of the Philological Society},
   Volume = {108},
   Number = {3},
   Pages = {329–351},
      Year = {2010} }




@article{
FieldM2001,
   Author = {Field, Margaret},
   Title = {Triadic directives in Navajo language socialization},
   Journal = {Language in Society},
   Volume = {30},
   Number = {2},
   Pages = {249–263},
      Year = {2001} }




@article{
FieldM2007,
   Author = {Field, Margaret},
   Title = {Increments in Navajo conversation},
   Journal = {Pragmatics},
   Volume = {17},
   Number = {4},
   Pages = {637-646},
      Year = {2007} }




@article{
FogelsonR1989,
   Author = {Fogelson, Raymond D.},
   Title = {The ethnohistory of events and nonevents},
   Journal = {Ethnohistory},
   Volume = {36},
   Number = {2},
   Pages = {133–147},
      Year = {1989} }




@book{
FortescueM1984,
   Author = {Fortescue, Michael},
   Title = {West Greenlandic},
   Publisher = {Croon Helm},
   Address = {Dover},
   Series = {Croon Helm descriptive grammars},
      Year = {1984} }




@article{
FortescueM2011,
   Author = {Fortescue, Michael},
   Title = {Where `out to sea' equals `toward the fire': The macrocosm-microcosm relationship in languages of the Pacific rim},
   Journal = {Anthropological Linguistics},
   Volume = {53},
   Number = {1},
   Pages = {1–14},
      Year = {2011} }




@book{
FrantzD1991,
   Author = {Frantz, Donald G.},
   Title = {Blackfoot Grammar.},
   Publisher = {University of Toronto Press},
   Address = {Toronto},
      Year = {1991} }




@article{
FriendCHoltonGEastonN2007,
   Author = {Friend, Connie and Holton, Gary and Easton, Norm Alexander},
   Title = {An American - Canadian Traditional Ecological Knowledge Study of the {Upper Tanana} River Fisheries},
   Journal = {Park Science in Central {Alaska}: Crossing Boundaries in a Changing Environment. {Alaska} Park Science},
   Volume = {6},
   Number = {2},
   Pages = {78-82},
   Keywords = {{Upper Tanana}
subsistence
fisheries},
   Year = {2007} }




@book{
FromanFKeyeAKeyeLDyckC2002,
   Author = {Froman, Frances and Keye, Alfred and Keye, Lottie and Dyck, Carrie},
   Title = {English-Cayuga/Cayuga-English dictionary},
   Publisher = {University of Toronto Press},
   Address = {Toronto},
      Year = {2002} }




@article{
GallowayB1984,
   Author = {Galloway, Brent D.},
   Title = {A look at Nooksack phonology},
   Journal = {Anthropological Linguistics},
   Volume = {26},
   Number = {1},
   Pages = {13-41},
      Year = {1984} }




@book{
GallowayB1993,
   Author = {Galloway, Brent D.},
   Title = {A grammar of Upriver Halkomelem},
   Publisher = {University of California Press},
   Address = {Berkeley},
      Year = {1993} }




@article{
GarvinP1948,
   Author = {Garvin, Paul L.},
   Title = {Kutenai I: Phonemics},
   Journal = {International Journal of American Linguistics},
   Volume = {14},
   Number = {1},
   Pages = {37-42},
      Year = {1948} }




@article{
GathercoldG1983,
   Author = {Gathercole, Geoffrey},
   Title = {Tonogenesis and the Kickapoo tonal system},
   Journal = {International Journal of American Linguistics},
   Volume = {49},
   Number = {1},
   Pages = {72-76},
      Year = {1983} }




@phdthesis{
GessnerS2003,
   Author = {Gessner, Suzanne},
   Title = {The prosodic system of the Dakelh (Carrier) Language},
      Year = {2003} }




@incollection{
GessnerS2005,
   Author = {Gessner, Suzanne},
   Title = {Properties of tone in Dëne Sųłiné},
   BookTitle = {{Athabaskan} Prosody},
   Editor = {Rice, Keren and Hargus, Sharon},
   Publisher = {John Benjamins},
   Address = {Amsterdam},
   Pages = {229–247},
      Year = {2005} }




@article{
GickBBlissHMichelsonKRadanovB2011,
   Author = {Gick, Bryan and Bliss, Heather and Michelson, Karin and Radanov, Bosko},
   Title = {Articulation without acoustics: "Soundless" vowels in Oneida and Blackfoot},
   Journal = {Journal of Phonetics},
   Volume = {40},
   Pages = {46-53},
      Year = {2011} }




@book{
GiordaJMengariniG1877,
   Author = {Giorda, Joseph  and Mengarini, Gregory},
   Title = {A dictionary of the Kalispel or Flat-Head indian language},
   Publisher = {St. Ignatius Print},
   Address = {Montana},
      Year = {1877} }




@incollection{
GivonT1983a,
   Author = {Givón, T.},
   Title = {Topic continuity in discourse: An introduction},
   BookTitle = {Topic continuity in discourse: A quantitative cross-linguistic study.},
   Editor = {Givón, T.},
   Publisher = {John Benjamins.},
   Address = {Amsterdam},
   Pages = {1-42},
      Year = {1983} }




@book{
GivonT1983b,
   Author = {Givón, T.},
   Title = {Topic continuity in discourse: A quantitative cross-linguistic study},
   Publisher = {John Benjamins},
   Address = {Amsterdam},
      Year = {1983} }




@incollection{
GivonT1983,
   Author = {Givón, T.},
   Title = {Topic continuity in spoken English},
   BookTitle = {Topic continuity in discourse: A quantitative cross-linguistic study},
   Editor = {Givón, T.},
   Publisher = {John Benjamins},
   Address = {Amsterdam},
   Pages = {345-363},
      Year = {1983} }




@book{
GivonT2001,
   Author = {Givón, T.},
   Title = {Syntax: A functional-typological introduction},
   Publisher = {John Benjamins},
   Address = {Amsterdam},
      Year = {2001} }




@book{
GivonT2011,
   Author = {Givón, T.},
   Title = {Ute reference grammar},
   Publisher = {John Benjamins Publishing Company},
   Address = {Amsterdam/Philadelphia},
      Year = {2011} }




@book{
GoddardI1979,
   Author = {Goddard, Ives},
   Title = {Delaware verbal morphology: A descriptive and comparative study},
   Publisher = {Garland Publishing, Inc.},
   Address = {New York, London},
      Year = {1979} }




@misc{
BibTeX,
   Author = {Goddard, Ives},
   Title = {Native languages and language families of North America (rev. and enlarged ed. with additions and corrections). [Map]},
   Publisher = {University of Nebraska Press},
         Year = {1999} }




@article{
GoddardI2010,
   Author = {Goddard, Ives},
   Title = {Linguistic variation in a small speech community: The personal dialects of Moraviantown Delaware},
      Year = {2010} }




@book{
GollaV1970,
   Author = {Golla, Victor K.},
   Title = {Hupa grammar},
   Publisher = {University of California, Berkeley},
   Address = {Ph.D. Dissertation},
      Year = {1970} }




@incollection{
GollaV1996,
   Author = {Golla, Victor K.},
   Title = {Sketch of Hupa, an Athapaskan language},
   BookTitle = {Handbook of North American Indians, Vol. 17: Languages},
   Editor = {Goddard, Ives},
   Publisher = {Smithsonian},
   Address = {Washington},
   Pages = {364-389},
      Year = {1996} }




@misc{
BibTeX,
   Author = {Good, Jeff},
   Title = {The Descriptive Grammar as a (Meta)Database},
         Year = {2004} }




@article{
GoodwinM2006,
   Author = {Goodwin, Marjorie Harness},
   Title = {Participation, effect, and trajectory in family directive/response sequences},
   Journal = {Text and Talk},
   Volume = {26},
   Number = {4/5},
   Pages = {515–543},
      Year = {2006} }




@book{
GordonL1986,
   Author = {Gordon, Lynn},
   Title = {Maricopa morphology and syntax},
   Publisher = {The University of California Press},
   Address = {Berkeley},
      Year = {1986} }




@misc{
BibTeX,
   Author = {Gordon, Matthew},
   Title = {The phonetics and phonology of non-modal vowels: A cross-linguistic perspective},
   Volume = {24},
   Pages = {93-105},
         Year = {1998} }




@incollection{
GordonM2001,
   Author = {Gordon, Matthew},
   Title = {Laryngeal timing and correspondence in Hupa},
   BookTitle = {UCLA Working Papers in Linguistics, no.7: Papers in Phonology 5},
   Editor = {Albright, Adam and Cho, Taehong},
   Publisher = {UCLA},
   Address = {Los Angeles},
   Pages = {1-70},
      Year = {2001} }




@incollection{
GordonMLunaE2004,
   Author = {Gordon, Matthew and Luna, Edmundo},
   Title = {An intergenerational study of Hupa stress},
   BookTitle = {Proceedings of the 30th Annual Meeting of the Berkeley Linguistics Society},
   Publisher = {Berkeley Linguistics Society},
   Address = {Berkeley},
      Year = {2004} }




@article{
GordonMMunroPLadefogedP2000,
   Author = {Gordon, Matthew and Munro, Pamela and Ladefoged, Peter},
   Title = {Some phonetic structures of Chickasaw},
   Journal = {Anthropological Linguistics},
   Volume = {42},
   Number = {3},
   Pages = {366-400},
      Year = {2000} }




@article{
GordonMMunroPLadefogedP2007,
   Author = {Gordon, Matthew and Munro, Pamela and Ladefoged, Peter},
   Title = {Chickasaw},
   Journal = {Journal of the International Phonetic Association},
   Volume = {31},
   Number = {2},
   Pages = {287-290},
      Year = {2001} }




@book{
GraczykR2007,
   Author = {Graczyk, Randolph},
   Title = {A Grammar of Crow: Apsáaloke Aliláau},
   Publisher = {University of Nebraska Press},
   Address = {Lincoln},
      Year = {2007} }




@article{
GrantACostaD1991,
   Author = {Grant, Anthony P. and Costa, David J.},
   Title = {Some observations on John P. Harrington's Peoria vocabulary},
   Journal = {Anthropological Linguistics},
   Volume = {33},
   Number = {4},
   Pages = {406-436},
      Year = {1991} }




@article{
GreenfieldP1984,
   Author = {Greenfeld, Philip J.},
   Title = {A treatment for stress in Apache},
   Journal = {International Journal of American Linguistics},
   Volume = {50},
   Number = {1},
   Pages = {105-111},
      Year = {1984} }




@article{
GrobsmithE1979,
   Author = {Grobsmith, Elisabeth S.},
   Title = {Styles of speaking: An analysis of Lakota communication alternatives},
   Journal = {Anthropological Linguistics},
   Volume = {21},
   Number = {7},
   Pages = {355-361},
      Year = {1979} }




@misc{
BibTeX,
   Author = {group, TFS Working},
   Title = {The Woodchopper},
   Month = {April 1, 2012},
         Year = {2011} }




@book{
GuedonM1974,
   Author = {Guédon, Marie-Françoise},
   Title = {People of {Tetlin} why are you singing?},
   Publisher = {National Museum of Man, National Museums of Canada},
   Address = {Ottawa},
   Series = {Mercury Series, Ethnology Division},
   Keywords = {{Upper Tanana}
{Athabascan}
ethnography
potlatch
},
   Year = {1974} }




@incollection{
GuedonM1981,
   Author = {Guédon, Marie-Françoise},
   Title = {{Upper Tanana} river potlatch},
   BookTitle = {Handbook of North American Indians, Vol. 6: Subarctic},
   Editor = {Helm, June},
   Publisher = {Smithsonian Institution},
   Address = {Washington},
   Keywords = {{Upper Tanana}
{Athabascan}
ethnography
potlatch},
   Year = {1981} }




@book{
GuedonMF2005,
   Author = {Guédon, Marie-Françoise},
   Title = {Le rêve et la forêt: Histoires de chamanes nabesna},
   Publisher = {Les Presses de l’Université Laval},
   Address = {Québec},
      Year = {2005}}





@book{
GumperzJ1982,
   Author = {Gumperz, John},
   Title = {Discourse strategies},
   Publisher = {Cambridge University Press},
   Address = {Cambridge},
      Year = {1982} }




@article{
GunlogsonC2001,
   Author = {Gunlogson, Christine},
   Title = {Third-person object prefixes in Babine-Witsuwit'en},
   Journal = {International Journal of American Linguistics},
   Volume = {67},
   Number = {4},
   Pages = {365–395},
      Year = {2001} }




@incollection{
HaasM1946,
   Author = {Haas, Mary R.},
   Title = {A grammatical sketch of Tunica},
   BookTitle = {Linguistic structures of native America},
   Editor = {Osgood, Cornelius},
   Publisher = {The Viking Fund },
   Address = {New York},
      Year = {1946} }




@article{
HaasM1968,
   Author = {Haas, Mary R.},
   Title = {The last words of Biloxi},
   Journal = {International Journal of American Linguistics},
   Volume = {34},
   Number = {2},
   Pages = {77-84},
      Year = {1968} }




@book{
HakulinenASeltingM2005,
   Editor = {Hakulinen, Auli and Selting, Margaret},
   Title = {Syntax and lexis in conversation: Studies on the use of linguistic resources in talk-in-interaction},
   Publisher = {John Benjamins},
   Address = {Amsterdam},
      Year = {2005} }




@article{
HaleKWhiteEagleJ1980,
   Author = {Hale, Kenneth and White Eagle, Josie},
   Title = {A Preliminary Metrical Account of Winnebago Accent},
   Journal = {International Journal of American Linguistics},
   Volume = {46},
   Number = {2},
   Pages = {117-132},
      Year = {1980} }




@article{
HallowellAI1926,
   Author = {Hallowell, A. Irving},
   Title = {Bear Ceremonialism in the Northern Hemisphere},
   Journal = {American Anthropologist},
   Volume = {28},
   Number = {1},
   Pages = {1-175},
   Keywords = {ethnography
bears
animal language},
   Year = {1926} }




@book{
HalpinL1987,
   Author = {Halpin, Libby},
   Title = {Living off the land: Contemporary subsistence in {Tetlin}, {Alaska}},
   Publisher = {{Alaska} Department of Fish and Game},
   Address = {Anchorage},
   Series = {{Alaska} Department of Fish & Game, Division of Subsistence Technical Paper},
   Keywords = {{Upper Tanana}
{Athabascan}
subsistence
},
   Year = {1987} }




@phdthesis{
HargusS1985,
   Author = {Hargus, Sharon},
   Title = {Lexical phonology of Sekani},
      Year = {1985} }




@article{
HargusS2000,
   Author = {Hargus, Sharon},
   Title = {The qualifier prefixes in Yukon Deg Xinag (Ingalik)},
   Journal = {International Journal of American Linguistics},
   Volume = {66},
   Number = {1},
   Pages = {1-21},
      Year = {2000} }




@incollection{
HargusS2005,
   Author = {Hargus, Sharon},
   Title = {Prosody in two {Athabaskan} languages of northern British Columbia},
   BookTitle = {{Athabaskan} prosody},
   Editor = {Hargus, Sharon and Rice, Keren},
   Publisher = {John Benjamins},
   Address = {Amsterdam},
   Pages = {393-424},
      Year = {2005} }




@book{
HargusS2007,
   Author = {Hargus, Sharon},
   Title = {Witsuwit'en grammar: Phonetics, phonology, morphology},
   Publisher = {UBC Press},
   Address = {Vancouver},
      Year = {2007} }




@inproceedings{
Hargus2010,
   Author = {Hargus, Sharon},
   Title = {Vowel quality and duration in Yukon Deg Xinag},
   BookTitle = {Proceedings of the 2009 Dene ({Athabaskan}) Languages Conference in Berkeley (},
   Editor = {Tuttle, Siri G. and Spence, Justin},
   Address= {Fairbanks},
   Publisher = {{Alaska} Native Language Center},
      Year = {2010} }




@article{
HargusSBeavertV2002,
   Author = {Hargus, Sharon and Beavert, Virginia},
   Title = {Predictable versus underlying vocalism in Yakima Sahaptin},
   Journal = {International Journal of American Linguistics},
   Volume = {68},
   Number = {3},
   Pages = {316-340},
      Year = {2002} }




@misc{
BibTeX,
   Author = {Hargus, Sharon and Beavert, Virginia},
   Title = {Sahaptin intonational phonology},
         Year = {2009} }




@article{
HarringtonJ1910,
   Author = {Harrington, John P.},
   Title = {An introductory paper on the Tiwa language, Dialect of Taos, New Mexico},
   Journal = {Papers of the School of American Archaeology},
   Volume = {14},
      Year = {1910} }




@book{
WALS2005,
   Editor = {Haspelmath, Martin and Dryer, Matthew S. and Gil, David and Comrie, Bernard},
   Title = {World atlas of language structures},
   Publisher = {Oxford University Press},
   Address = {Oxford},
      Year = {2005} }




@misc{
BibTeX,
   Author = {Haspelmath, Martin and Dryer, Matthew S. and Gil, David and Comrie, Bernard},
   Title = {World atlas of language structures},
   Publisher = {Max Planck Digital Library. http://wals.info/},
         Year = {2008} }




@article{
HelmJGillespieB1981,
   Author = {Helm, June and Gillespie, Beryl C.},
   Title = {Dogrib oral tradition as history: War and peace in the 1820s},
   Journal = {Journal of Anthropological Research},
   Volume = {37},
   Number = {1},
   Pages = {8-27},
      Year = {1981} }




@incollection{
HerringS1994,
   Author = {Herring, Susan C.},
   Title = {Afterthoughts, Antitopics, and Emphasis: The syntacticization of postverbal position in Tamil},
   BookTitle = {Theoretical perspectives on word order in South Asian languages},
   Editor = {Butt, Miriam and King, Tracy Holloway},
   Publisher = {Center for the Study of Language and Information},
   Address = {Stanford},
   Pages = {119-152},
      Year = {1994} }




@incollection{
HerringSPaolilloJ1995,
   Author = {Herring, Susan C. and Paolillo, John C.},
   Title = {Focus position in SOV languages},
   BookTitle = {Word order in discourse},
   Editor = {Downing, Pamela and Noonan, Michael},
   Publisher = {John Benjamins Publishing Co.},
   Address = {Amsterdam, Philadelphia},
   Pages = {163-198},
      Year = {1995} }




@article{
HessT1966,
   Author = {Hess, Thomas M.},
   Title = {Snohomish chameleon morphology},
   Journal = {International Journal of American Linguistics},
   Volume = {32},
   Number = {4},
   Pages = {350-356},
      Year = {1966} }




@article{
HessT1977,
   Author = {Hess, Thomas M.},
   Title = {Lushootseed dialects},
   Journal = {Anthropological Linguistics},
   Volume = {19},
   Number = {9},
   Pages = {403-419},
      Year = {1977} }




@article{
Hewson1973,
   Author = {Hewson, John},
   Title = {Proto-Algonkian reflexes in Micmac},
   Journal = {Anthropological Linguistics},
   Volume = {15},
   Number = {3},
   Pages = {151-164},
      Year = {1973} }




@book{
HillJ2005,
   Author = {Hill, Jane H.},
   Title = {A grammar of Cupeño},
   Publisher = {University of California Press},
   Address = {Berkeley, Los Angeles, London},
      Year = {2005} }




@article{
HillJHillK1968,
   Author = {Hill, Jane H. and Hill, Kenneth C},
   Title = {Stress in the Cupan (Uto-Aztecan) languages},
   Journal = {International Journal of American Linguistics},
   Volume = {34},
   Number = {4},
   Pages = {233-241},
      Year = {1968} }




@article{
HimmelmannN1998,
   Author = {Himmelmann, Nikolaus P.},
   Title = {Documentary and descriptive linguistics},
   Journal = {Linguistics},
   Volume = {36},
   Pages = {161-195},
      Year = {1998} }




@article{
HocketCF1939,
   Author = {Hockett, C.F.},
   Title = {Potawatomi syntax},
   Journal = {Language},
   Volume = {15},
   Number = {4},
   Pages = {235-248},
      Year = {1939} }




@article{
HockettCF1948,
   Author = {Hockett, C.F.},
   Title = {Potawatomi I: Phonemics, morphophonemics, and morphological survey},
   Journal = {International Journal of American Linguistics},
   Volume = {14},
   Number = {1},
   Pages = {1-10},
      Year = {1948} }




@article{
HockettCF1981,
   Author = {Hockett, C.F.},
   Title = {The phonological history of Menominee},
   Journal = {Anthropological Linguistics},
   Volume = {23},
   Number = {2},
   Pages = {51-87},
      Year = {1981} }




@incollection{
HoijerH1946Tonkawa,
   Author = {Hoijer, Harry},
   Title = {Tonkawa},
   BookTitle = {Linguistic structures of native America},
   Editor = {Osgood, Cornelius},
   Publisher = {Viking Fund Publications in Anthropology},
   Address = {New York},
   Volume = {6},
   Pages = {289-311},
      Year = {1946} }




@incollection{
Hoijer1946Chiricahua,
   Author = {Hoijer, Harry},
   Title = {Chiricahua Apache},
   BookTitle = {Linguistic structures in North America},
   Editor = {Osgood, Cornelius},
   Publisher = {Wenner-Green Foundation for Anthropological Research},
   Address = {New York},
   Pages = {55-84},
      Year = {1946} }




@article{
HoijerH1966,
   Author = {Hoijer, Harry},
   Title = {Galice Athapaskan: A grammatical sketch},
   Journal = {International Journal of American Linguistics},
   Volume = {32},
   Number = {4},
   Pages = {320-327},
      Year = {1966} }




@incollection{
HoijerH1971,
   Author = {Hoijer, Harry},
   Title = {Athapaskan morphology.},
   BookTitle = {Studies in American Indian languages.  University of California publications in linguistics (No. 65)},
   Editor = {Sawyer, Jesse},
   Publisher = {University of California Press},
   Address = {Berkeley},
   Pages = {113–147},
      Year = {1971} }




@article{
HoijerHDozierE1949,
   Author = {Hoijer, Harry and Dozier, Edward P.},
   Title = {The Phonemes of Tewa, Santa Clara Dialect},
   Journal = {International Journal of American Linguistics},
   Volume = {15},
   Number = {3},
   Pages = {139-144},
      Year = {1949} }




@misc{
BibTeX,
   Author = {Hoijer, Harry and Opler, Morris E.},
   Title = {Chiricahua and Mescalero Apache texts},
   Publisher = {University of Chicago Press},
         Year = {1938} }




@article{
HollowR1970,
   Author = {Hollow Jr., Robert C.},
   Title = {A note on Assiniboine phonology},
   Journal = {International Journal of American Linguistics},
   Volume = {36},
   Number = {4},
   Pages = {296-298},
      Year = {1970} }




@incollection{
HollowRParksD1080,
   Author = {Hollow Jr., Robert C. and Parks, Douglas R.},
   Title = {Studies in Plains Linguistics},
   BookTitle = {Anthropology on the Great Plains},
   Editor = {Wood, Raymond W. and Liberty, Margot},
   Publisher = {University of Nebraska Press},
   Address = {Lincoln, London},
   Pages = {68–97},
      Year = {1980} }




@phdthesis{
HoltonG2000,
   Author = {Holton, Gary},
   Title = {The phonology and morphology of the Tanacross {Athabaskan} language},
   School = {University of California Santa Barbara},
      Year = {2000} }




@misc{
HoltonG2003,
   Author = {Holton, Gary},
   Title = {"More issues in Tanacross orthography." TC997H2003e. Ms. in {Alaska} Native Language Archive.},
         Year = {2003} }




@misc{
HoltonG2004,
   Author = {Holton, Gary},
   Title = {Clause combining in Tanacross {Athabascan}},
   Publisher = {{Alaska} Native Language Center},
   Pages = {115-133},
         Year = {2004} }




@incollection{
HoltonG2005,
   Author = {Holton, Gary},
   Title = {Pitch, tone, and intonation in Tanacross},
   BookTitle = {{Athabaskan} prosody},
   Editor = {Hargus, Sharon and Rice, Keren},
   Publisher = {John Benjamins},
   Address = {Amsterdam},
   Pages = {249-275},
      Year = {2005} }




@book{
HoltonG2009,
   Editor = {Holton, Gary},
   Title = {Tanacross Learners' Dictionary},
   Publisher = {{Alaska} Native Language Center},
   Address = {Fairbanks},
      Year = {2009} }




@article{
HoltonGLovickO2008,
   Author = {Holton, Gary and Lovick, Olga},
   Title = {Evidentiality in Dena'ina {Athabaskan}},
   Journal = {Anthropological Linguistics},
   Volume = {50},
   Number = {3-4},
   Pages = {292-323},
   Keywords = {Dena'ina
{Athabascan}
evidentiality
discourse linguistics},
   Year = {2008} }




@book{
HydeV1971,
   Author = {Hyde, Villiana},
   Title = {An introduction to the Luiseño language},
   Publisher = {Malki Museum Press},
   Address = {Banning},
      Year = {1971} }




@article{
HymesD1965,
   Author = {Hymes, Dell},
   Title = {Some North Pacific Coast Poems: A Problem in Anthropological Philology},
   Journal = {American Anthropologist},
   Volume = {67},
   Number = {2},
   Pages = {316-341},
      Year = {1965} }




@incollection{
HymesD1974,
   Author = {Hymes, Dell},
   Title = {Ways of speaking},
   BookTitle = {Explorations in the ethnography of speaking},
   Editor = {Bauman, Richard and Sherzer, Joel},
   Publisher = {Cambridge University Press},
   Address = {Cambridge},
   Pages = {433-451},
   Keywords = {ethnography of speaking
style
},
   Year = {1974} }




@article{
HymesD1979,
   Author = {Hymes, Dell},
   Title = {How to talk like a bear in Takelma},
   Journal = {International Journal of American Linguistics},
   Volume = {45},
   Number = {2},
   Pages = {101-106},
   Keywords = {Takelma
ethnography of speaking
expressive language},
   Year = {1979} }




@incollection{
IdeNSudermanK2007,
   Author = {Ide, Nancy and Suderman, Keith},
   Title = {GrAF: A Graph-based Format for Linguistic Annotations
},
   BookTitle = {Proceedings of the Linguistic Annotation Workshop (LAW '07)},
   Publisher = {Association of Computer Linguistics},
   Address = {Stroudsberg, PA},
      Year = {2007} }




@inproceedings{
IdsardiW1991,
   Author = {Idsardi, William James},
   Title = {Stress and glottalized sonorants in Shuswap},
   BookTitle = {Proceedings of the International Conference for Salish and Neighboring Languages 26},
      Year = {1991} }




@book{
IngoldT2000,
   Author = {Ingold, Tim},
   Title = {The perception of the environment: Essays on livelihood dwelling and skill},
   Publisher = {Routledge},
   Address = {New York},
   Year = {2000} }




@incollection{
JacobsonS1985,
   Author = {Jacobson, Steven A.},
   Title = {Siberian Yupik and Central Yupik prosody},
   BookTitle = {Yupik Eskimo prosodic systems: Descriptive and comparative studies},
   Editor = {Krauss, Michael E.},
   Publisher = {{Alaska} Native Language Center},
   Address = {Fairbanks},
   Pages = {25-45},
      Year = {1985} }




@misc{
BibTeX,
   Author = {Jetté, Jules},
   Title = {On the language of the Ten'a — 3. {Alaska} Native Language Archive KO898J1907a},
         Year = {1907} }




@article{
JetteJ19088,
   Author = {Jetté, Jules},
   Title = {On Ten'a folk-lore},
   Journal = {Journal of the Royal Anthropological Institute},
   Volume = {38},
   Pages = {297-367},
      Year = {1908} }




@book{
JetteJJonesE2000,
   Author = {Jetté, Jules and Jones, Eliza},
   Title = {{Koyukon} {Athabaskan} Dictionary},
   Publisher = {{Alaska} Native Language Center},
   Address = {Fairbanks},
   Keywords = {{Koyukon}
{Athabascan}
dictionary},
   Year = {2000} }




@book{
JohnB1996,
   Author = {John, Bessie},
   Title = {Dineh łàatihàay. The man is hunting},
   Publisher = {Yukon Native Language Centre},
   Address = {Whitehorse},
   Keywords = {{Upper Tanana}
Beaver Creek dialect
{Athabascan}
educational material},
   Year = {1996} }




@book{
JohnB1997,
   Author = {John, Bessie},
   Title = {Naatù' Nach'ehch'į̀ǫ. Naatù' goes fishing},
   Publisher = {Yukon Native Language Centre},
   Address = {Whitehorse},
   Keywords = {{Upper Tanana}
Beaver Creek dialect
{Athabascan}
educational material},
   Year = {1997} }




@book{
JohnB1998,
   Author = {John, Bessie},
   Title = {Chahjäktà' s̱ẖah xah naholnik. At home},
   Publisher = {Yukon Native Language Centre},
   Address = {Whitehorse},
   Keywords = {{Upper Tanana}
Beaver Creek dialect
{Athabascan}
educational material},
   Year = {1998} }




@book{
JohnB1994,
   Editor = {John, Bessie and Centre, Yukon Native Language},
   Title = {{Upper Tanana} Language Lessons—Scottie Creek dialect},
   Publisher = {Yukon Native Language Centre},
   Address = {Whitehorse},
      Year = {1994} }




@article{
JonesA1979,
   Author = {Jones, A. Wesley},
   Title = {Morphological Constellations in Hidatsa: Locative, Demonstrative, Relative},
   Journal = {International Journal of American Linguistics},
   Volume = {45},
   Number = {3},
   Pages = {232-235},
      Year = {1979} }




@misc{
BibTeX,
   Author = {Jones, Eliza},
   Title = {Transcriptions for {Alaska} Library Association Oral History Project},
   Publisher = {{Alaska} Native Language Archive},
         Year = {1975} }




@incollection{
JonesEThompsonC1990,
   Author = {Jones, Eliza and Thompson, Chad},
   Title = {Introduction},
   BookTitle = {K'etetaalkkaanee, the one who paddled among the people and animals: The story of an ancient traveler. Told by Catherine Attla},
   Editor = {Jones, Eliza and Thompson, Chad},
   Publisher = {{Alaska} Native Language Center},
   Address = {Fairbanks},
   Pages = {viii-xii},
      Year = {1990} }




@phdthesis{
JungD1999,
   Author = {Jung, Dagmar},
   Title = {The dynamics of polysynthetic morphology: person and number marking in {Athabaskan}},
   School = {The University of New Mexico},
      Year = {1999} }




@incollection{
JungD2000,
   Author = {Jung, Dagmar},
   Title = {Word order in Apache narratives},
   BookTitle = {The {Athabaskan} languages: Perspectives on a Native American language family.},
   Editor = {Fernald, Theodore B. and Platero, Paul R.},
   Publisher = {Oxford University Press},
   Address = {Oxford},
   Pages = {92-100},
      Year = {2000} }




@misc{
BibTeX,
   Author = {Jung, Dagmar and Moore, Patrick and Miller, Julia C. and Schwiertz, Gabriele and Lovick, Olga and Pasamonik, Carolina},
   Title = {Documentation of the Beaver language},
         Year = {2004-2010} }




@book{
KalifornskyP1991,
   Author = {Kalifornski, Peter},
   Title = {A Dena'ina legacy: K'tl'egh'i Sukdu'a},
   Publisher = {{Alaska} Native Language Center},
   Address = {Fairbanks},
      Year = {1991} }




@book{
KaplanL1981,
   Author = {Kaplan, Lawrence D.},
   Title = {Phonological issues in North {Alaska}n Inupiaq},
   Publisher = {{Alaska} Native Language Center},
   Address = {Fairbanks},
   Series = {{Alaska} Native Language Research Papers No. 6},
      Year = {1981} }




@incollection{
KaplanL1985,
   Author = {Kaplan, Lawrence D.},
   Title = {Seward Peninsula consonant gradation and its relation to prosody},
   BookTitle = {Yupik Eskimo prosodic systems: Descriptive and comparative studies},
   Editor = {Krauss, Michael E.},
   Publisher = {{Alaska} Native Language Center},
   Address = {Fairbanks},
   Pages = {191-210},
      Year = {1985} }




@article{
KariJ1975disjunct,
   Author = {Kari, James},
   Title = {The disjunct boundary in the Navajo and Tanaina verb prefix complexes},
   Journal = {International Journal of American Linguistics},
   Volume = {41},
   Number = {4},
   Pages = {330-345},
      Year = {1975} }



@article{
KariJ1975dialects,
   Author = {Kari, James},
   Title = {A classification of Tanaina dialects},
   Journal = {Anthropological Papers of the University of {Alaska}},
   Volume = {17},
   Number = {2},
   Pages = {49–53},
      Year = {1975} }




@book{
KariJ1979,
   Author = {Kari, James},
   Title = {{Athabaskan} verb theme categories: {Ahtna}},
   Publisher = {{Alaska} Native Language Center},
   Address = {Fairbanks},
   Series = {{Alaska} Native Language Center Research Papers, Number 2},
      Year = {1979} }




@article{
KariJ1985,
   Author = {Kari, James},
   Title = {A note on Athapaskan directionals},
   Journal = {International Journal of American Linguistics},
   Volume = {51},
   Number = {4},
   Pages = {471-473},
      Year = {1985} }




@book{
KariJ1986,
   Editor = {Kari, James},
   Title = {Tatl'ahwt'aenn Nenn': The Headwaters People's Country. Narratives of the Upper {Ahtna} {Athabaskan}s. },
   Publisher = {{Alaska} Native Language Center},
   Address = {Fairbanks},
      Year = {1986} }




@incollection{
KariJ1989,
   Author = {Kari, James},
   Title = {Some principles of {Alaska}n {Athabaskan} toponymic knowledge},
   BookTitle = {General and Amerindian Ethnolinguistics: In Remembrance of Stanley Newman},
   Editor = {Ritchey Key, Mary and Hoenigswald, Henry M. and Bock, Philip and Basehart, Harry},
   Publisher = {Mouton de Gruyter},
   Address = {Berlin},
   Pages = {129–151},
      Year = {1989} }




@book{
KariJ1990,
   Author = {Kari, James},
   Title = {{Ahtna} {Athabaskan} Dictionary},
   Publisher = {{Alaska} Native Language Center},
   Address = {Fairbanks},
      Year = {1990} }




@article{
KariJ1993,
   Author = {Kari, James},
   Title = {Diversity in morpheme order in several {Alaska}n {Athabascan} languages: notes on the gh-qualifier.},
   Journal = {Proceedings of the Nineteenth Annual Meeting of the Berkeley Linguistics
Society: Special Session on Syntactic Issues in Native American
Languages},
   Volume = {19},
   Number = {2},
   Pages = {50–56},
      Year = {1993} }




@incollection{
KariJ1996,
   Author = {Kari, James},
   Title = {Preface},
   BookTitle = {Ttheek’ädn {Ut’iin} {Yaaniidą’} {Ǫǫnign’}: {O}ld Time Stories of the {Scottie} {Creek} People. {S}tories told in {Upper} {Tanana} {{Athabaskan}} by {Mary} {Tyone}, {Ts’ą’} {Yahnik}},
   Editor = {Kari, James},
   Publisher = {{Alaska} Native Language Center},
   Address = {Fairbanks},
   Pages = {MISSING},
      Year = {1996} }




@misc{
KariJ1997stem,
   Author = {Kari, James},
   Title = {{Upper Tanana} stem list, with additions by Olga Lovick. Unpublished Lexware file.},
         Year = {1997} }




@techreport{
KariJ1997UTmap,
   Author = {Kari, James},
   Title = {{Upper Tanana} place names lists and maps. Compiled and edited by James Kari, {Alaska} Native Language Center.  Final Report for the project "{Upper Tanana} {Athabaskan} Place Names in the Vicinity of {Wrangell-St. Elias National Park}", sponsored by {Wrangell-St. Elias National Park}, during 1995-1997.},
      Year = {1997} }




@book{
KariJ2010,
   Editor = {Kari, James},
   Title = {{Ahtna} travel narratives: A demonstration of shared geographic knowledge among {Alaska} {Athabascan}s},
   Publisher = {{Alaska} Native Language Center},
   Address = {Fairbanks},
      Year = {2010} }


@incollection{
KariJ2011,
   Author = {Kari, James},
   Title = {A Case Study in {Ahtna} Geographic Knowledge},
   BookTitle = {Landscape in Language: Transdisciplinary perspectives},
   Editor = {Mark, David M. and Turk, Andrew G. and Burenhult, Niclas and Stea, David},
   Publisher = {John Benjamins Publishing},
   Address = {Amsterdam},
   Pages = {239-260},
      Year = {2011} }


@misc{
BibTeX,
   Author = {Kari, James},
   Title = {Dena'ina stem file. Unpublished Lexware file in possession of author},
         Year = {n.d.} }




@book{
KariJFallJ2003,
   Author = {Kari, James and Fall, James A.},
   Title = {Shem Pete's {Alaska}: The territory of the Upper Cook Inlet Dena'ina},
   Publisher = {University of {Alaska} Press},
   Address = {Fairbanks},
      Year = {2003} }




@book{
KariJTuttleS{Ahtna}stories,
   Editor = {Kari, James and Tuttle, Siri G.},
   Title = {Yenida'a, Ts'utsaede, K'adiide},
   Publisher = {{Alaska} Native Language Center},
   Address = {Fairbanks},
      Year = {To appear} }




@article{
KatzJSelkirkE2011,
   Author = {Katz, Jonah and Selkirk, Elizabeth},
   Title = {Contrastive focus vs. discourse-new: Evidence from phonetic prominence in English},
   Journal = {Language},
   Volume = {87},
   Number = {4},
   Pages = {771–816},
      Year = {2011} }




@article{
KennethE1936,
   Author = {Kennard, Edward},
   Title = {Mandan Grammar},
   Journal = {International Journal of American Linguistics},
   Volume = {9},
   Number = {1},
   Pages = {1-43},
      Year = {1936} }




@incollection{
KibrikA1993,
  Author = {Kibrik, Andrej A.},
  Title = {Transitivity increase in {Athabaskan} languages},
  BookTitle = {Causatives and transitives},
  Editor = {Comrie, Bernard and Polinsky, Maria},
  Publisher = {John Benjamins},
  Address = {Amsterdam, Philadelphia},
  Pages = {47–67},
    Year = {1993} }




  @incollection{
KibrikA1996,
  Author = {Kibrik, Andrej A.},
  Title = {Transitivity decrease in Navajo and {Athabaskan}: actor-affecting propositional derivations},
  BookTitle = {{Athabaskan} language studies: Essays in honor of Robert W. Young},
  Editor = {Jelinek, Eloise and Midgette, Sally and Rice, Keren and Saxon, Leslie},
  Publisher = {University of New Mexico Press},
  Address = {Albuquerque},
  Pages = {259–303},
    Year = {1996} }




@incollection{
KibrikA2004,
   Author = {Kibrik, Andrej A.},
   Title = {Coordination in Upper Kuskokwim {Athabaskan}},
   BookTitle = {Coordinating constructions},
   Editor = {Haspelmath, Martin},
   Publisher = {John Benjamins},
   Address = {Amsterdam},
   Pages = {537-553},
      Year = {2004} }




@book{
KibrikA2011,
   Author = {Kibrik, Andrej A.},
   Title = {Reference in discourse},
   Publisher = {Oxford University Press},
   Address = {Oxford},
      Year = {2011} }




@incollection{
KibrikHeadmarking,
   Author = {Kibrik, Andrej A.},
   Title = {What's in the head of head-marking languages?},
   BookTitle = {Proceedings of the international Symposium on the typology of argument structure and grammatical relations in languages spoken in Europe and North and Central Asia. Kazan' State University, Russia, May 2004.},
   Editor = {Suihkonen, Pirkko and Comrie, Bernard and Solovyev, Varlery},
   Publisher = {John Benjamins},
   Address = {Amsterdam},
      Year = {in press} }




@book{
KimballG1991,
   Author = {Kimball, Geoffrey D.},
   Title = {Koasati grammar},
   Publisher = {University of Nebraska Press},
   Address = {Lincoln},
      Year = {1991} }




@incollection{
KimballG2005,
   Author = {Kimball, Geoffrey D.},
   Title = {Natchez},
   BookTitle = {Native Languages of the Southeastern United States},
   Editor = {Hardy, Heather K. and Scancarelli, Janine},
   Publisher = {University of Nebraska Press},
   Address = {Lincoln},
   Pages = {385-453},
      Year = {2005} }




@article{
KinkadeD1963,
   Author = {Kinkade, M. Dale},
   Title = {Phonology and morphology of Upper Chehalis I},
   Journal = {International Journal of American Linguistics},
   Volume = {29},
   Number = {3},
   Pages = {181-195},
      Year = {1963} }




@article{
KinkadeD1966,
   Author = {Kinkade, M. Dale},
   Title = {Vowel alternation in Upper Chehalis},
   Journal = {International Journal of American Linguistics},
   Volume = {32},
   Number = {4},
   Pages = {343-349},
      Year = {1966} }




@article{
KochK2010,
   Author = {Koch, Karsten A.},
   Title = {Some properties of prosodic phrasing in Thompson Salish},
   Journal = {ZAS Papers in Linguistics},
   Volume = {52},
   Pages = {141-158},
      Year = {2010} }




@article{
KozlowksiE1976,
   Author = {Kozlowski, Edwin},
   Title = {Remarks on Havasupai phonology},
   Journal = {International Journal of American Linguistics},
   Volume = {42},
   Number = {2},
   Pages = {140-149},
      Year = {1976} }




@misc{
BibTeX,
   Author = {Krauss, Michael E.},
   Title = {Letter from Michael Krauss to Paul Milanowski, June 25, 1962},
   Publisher = {{Alaska} Native Language Center},
         Year = {1962} }




@article{
KraussM1964,
   Author = {Krauss, Michael E.},
   Title = {Proto-Athapaskan-Eyak and the problem of Na-Dene: The phonology},
   Journal = {International Journal of American Linguistics},
   Volume = {30},
   Number = {2},
   Pages = {118-131},
   Keywords = {comparative athabascan phonology eyak},
   Year = {1964} }



@book{
KraussM1969,
   Author = {Michael E. Krauss},
   Title = {On the classifiers in the Athapaskan, Eyak, and Tlingit verb. Indiana University Publications in Anthropology and Linguistics, Memoir 24},
   Publisher = {Waverly Press},
   Address = {Baltimore},
      Year = {1969} }


@misc{
BibTeX,
   Author = {Krauss, Michael E.},
   Title = {{Alaska} native languages map},
   Publisher = {{Alaska} Native Language Center},
         Year = {1982} }




@incollection{
KraussM2000Koydialects,
   Author = {Krauss, Michael E.},
   Title = {{Koyukon} dialectology and its relationship to other {Athabaskan} languages},
   BookTitle = {{Koyukon} {Athabaskan} Dictionary},
   Editor = {Jetté, Jules and Jones, Eliza},
   Publisher = {{Alaska} Native Language Center},
   Address = {Fairbanks},
   Pages = {l-lxv},
      Year = {2000} }




@incollection{
KraussM2000Koyorthography,
   Author = {Krauss, Michael E.},
   Title = {Some traits of the modern orthography which complicate the use of the KAD},
   BookTitle = {{Koyukon} {Athabaskan} Dictionary},
   Editor = {Jetté, Jules and Jones, Eliza},
   Publisher = {{Alaska} Native Language Center},
   Address = {Fairbanks},
   Pages = {lxxii-lxxx},
      Year = {2000} }




@incollection{
KraussM2005,
   Author = {Krauss, Michael E.},
   Title = {{Athabaskan} tone},
   BookTitle = {{Athabaskan} prosody},
   Editor = {Rice, Keren and Hargus, Sharon},
   Publisher = {John Benjamins Publishing Company},
   Address = {Amsterdam},
   Pages = {51-136},
      Year = {2005} }




@misc{
BibTeX,
   Author = {Krauss, Michael E. and Holton, Gary and Kerr, Jim and West, Colin T.},
   Title = {Indigenous peoples and languages of {Alaska}},
         Year = {2010} }




@article{
KrifkaM2008,
   Author = {Krifka, Manfred},
   Title = {Basic notions of information structure},
   Journal = {Acta Linguistica Hungarica},
   Volume = {55},
   Number = {3–4},
   Pages = {243–276},
      Year = {2008} }




@article{
KroeberA1911,
   Author = {Kroeber, A. L.},
   Title = {Phonetic elements of the Mohave language},
   Journal = {University of California Publications in American Archeology and Ethnology},
   Volume = {10},
   Number = {3},
   Pages = {45-96},
      Year = {1911} }




@incollection{
KroeberA1916,
   Author = {Kroeber, A. L.},
   Title = {Arapaho dialects},
   BookTitle = {University of California Publications in American Archaeology and Ethnology},
   Editor = {Kroeber, A. L.},
   Publisher = {University of California Press},
   Address = {Berkeley},
   Volume = {12},
      Year = {1916/1917} }




@book{
KroeberAGraceG1960,
   Author = {Kroeber, A. L. and Grace, George William},
   Title = {The Sparkman grammar of Luiseño},
   Publisher = {University of California Press},
   Address = {Berkeley},
      Year = {1960} }




@book{
KuipersA1967,
   Author = {Kuipers, Aert H.},
   Title = {The Squamish language},
   Publisher = {Mouton},
   Address = {The Hague},
      Year = {1967} }




@book{
KuipersA1974,
   Author = {Kuipers, Aert H.},
   Title = {The Shuswap language},
   Publisher = {Mouton},
   Address = {The Hague},
      Year = {1974} }




@phdthesis{
Lamb1958,
   Author = {Lamb, Sydney MacDonald},
   Title = {Mono grammar},
   School = {University of California},
      Year = {1958} }




@article{
LandarH1959,
   Author = {Landar, Herbert Jay},
   Title = {The Navaho intonational system},
   Journal = {Anthropological Linguistics},
   Volume = {1},
   Pages = {11-19},
      Year = {1959} }




@article{
LandarH1963,
   Author = {Landar, Herbert Jay},
   Title = {Navaho Syntax. Ph.D. dissertation, Yale University},
   Journal = {Supplement to Language},
   Volume = {39},
   Number = {3, pt. 2, Language Dissertation no. 57},
      Year = {1963} }




@misc{
BibTeX,
   Author = {Leer, Jeff},
   Title = {Stem syllable development in Tanacross and {Upper Tanana}. Unpublished Ms., TC974L1977.},
   Publisher = {{Alaska} Native Language Archive},
         Year = {1977} }




@book{
LeerJ1979,
   Author = {Leer, Jeff},
   Title = {Proto-{Athabaskan} verb stem variation part one: Phonology},
   Publisher = {{Alaska} Native Language Center},
   Address = {Fairbanks},
   Series = {{Alaska} Native Language Center Research Papers, Number 1},
      Year = {1979} }






@incollection{
LeerJ1985,
   Author = {Leer, Jeff},
   Title = {Prosody in Alutiiq (the Koniak and Chugach dialects of {Alaska}n Yupik)},
   BookTitle = {Yupik Eskimo prosodic systems: Descriptive and comparative studies},
   Editor = {Krauss, Michael E.},
   Publisher = {{Alaska} Native Language Center},
   Address = {Fairbanks},
   Pages = {77-157},
      Year = {1985} }




@incollection{
LeerJ1989,
   Author = {Leer, Jeff},
   Title = {Directional systems in Athapaskan and Na-Dene},
   BookTitle = {Athapaskan Linguistics: Current Perspectives on a Language Family},
   Editor = {Cook, Eung-Do and Rice, Keren},
   Publisher = {Mouton de Gruyter},
   Address = {Berlin},
   Pages = {575-622},
      Year = {1989} }




@article{
LeerJ1991,
   Author = {Leer, Jeff},
   Title = {Evidence for a Northern Northwest Coast language area: Promiscuous number marking and periphrastic possessive constructions in Haida, Eyak, and Aleut},
   Journal = {International Journal of American Linguistics},
   Volume = {57},
   Number = {2},
   Pages = {158-193},
      Year = {1991} }




@incollection{
LeerJ1996,
   Author = {Leer, Jeff},
   Title = {The historical evolution of the stem syllable in Gwich'in (Kutchin/Loucheux) {Athabaskan}},
   BookTitle = {{Athabaskan} Language Studies: Essays in Honor of Robert W. Young},
   Editor = {Jelinek, Eloise and Midgette, Sally and Rice, Keren and Saxon, Leslie},
   Publisher = {University of New Mexico Press},
   Address = {Albuquerque},
   Pages = {277-318},
      Year = {1996} }




@incollection{
LeerJ2000,
   Author = {Leer, Jeff},
   Title = {The negative/irrealis category in {Athabaskan}-Eyak-Tlingit},
   BookTitle = {The {Athabaskan} languages: Perspectives on a Native American language family},
   Editor = {Fernald, Theodore B. and Platero, Paul R.},
   Publisher = {Oxford University Press},
   Address = {Oxford},
   Pages = {101–138},
      Year = {2000} }




@article{
LemanW1981,
   Author = {Leman, Wayne},
   Title = {Cheyenne pitch rules},
   Journal = {International Journal of American Linguistics},
   Volume = {47},
   Number = {4},
   Pages = {283-309},
      Year = {1981} }




@phdthesis{
LeSourdP1974,
   Author = {LeSourd, Philip S.},
   Title = {Accent and syllable structure in Passamaquoddy},
   School = {MIT},
      Year = {1974} }




@article{
LeSourdP2011,
   Author = {LeSourd, Philip S.},
   Title = {Enclitic particles in Western Abenaki: The syntax of second position},
   Journal = {Anthropological Linguistics},
   Volume = {53},
   Number = {2},
   Pages = {91-131},
      Year = {2011} }

@book{
LevinsonS2003,
   Author = {Levinson, Stephen},
   Title = {Space in language and cognition: Explorations in cognitive diversity},
   Publisher = {Cambridge University Press},
   Address = {Cambridge},
      Year = {2003} }




@misc{
BibTeX,
   Author = {Lewis, Paul M. (ed.)},
   Title = {Ethnologue: Languages of the world, sixteenth edition},
   Publisher = {SIL International},
   Volume = {2012},
   Number = {April 25},
         Year = {2009} }




@book{
LiFK1930,
   Author = {Li, Fang-Kuei},
   Title = {Mattole: An {Athabaskan} language},
   Publisher = {The University of Chicago Press},
   Address = {Chicago},
   Series = {Publications in Anthropology, Linguistics Series},
      Year = {1930} }




@incollection{
LiFK1946,
   Author = {Li, Fang-Kuei},
   Title = {Chipewyan},
   BookTitle = {Linguistic structures of native America},
   Editor = {Osgood, Cornelius and Hoijer, Harry},
   Publisher = {The Viking Fund publications in anthropology No. 6},
   Address = {New York},
   Pages = {398-423},
      Year = {1946} }




@phdthesis{
Lovick2005,
   Author = {Lovick, Olga},
   Title = {Agentivity and participant marking: A text-based study},
   School = {Universität zu Köln},
   Type = {Ph.D. Dissertation},
      Year = {2005} }




@misc{
BibTeX,
   Author = {Lovick, Olga},
   Title = {Documentation of {Upper Tanana}},
         Year = {2006-present} }




@incollection{
LovickO2007,
   Author = {Lovick, Olga},
   Title = {Lost in Translation: What linguistics has to offer climate research},
   BookTitle = {Proceedings of the Seventh International Conference on Global Change: Connection to the Arctic (GCCA-7)},
   Publisher = {International Arctic Research Center},
   Address = {Fairbanks},
   Pages = {10-11},
      Year = {2007} }




@misc{
BibTeX,
   Author = {Lovick, Olga},
   Title = {[Dena'ina texts] Manuscript TI004L2007},
   Publisher = {{Alaska} Native Language Archive},
   Number = {Manuscript TI004L2007},
         Year = {2007} }




@misc{
BibTeX,
   Author = {Lovick, Olga},
   Title = {Dena'ina demonstratives in discourse},
         Year = {2009} }




@incollection{
LovickO2010a,
   Author = {Lovick, Olga},
   Title = {Studying Dena’ina discourse markers: evidence from elicitation and narrative.},
   BookTitle = {Fieldwork and linguistic analysis in Indigenous languages of the Americas. Language Documentation & Conservation},
   Editor = {Berez, Andrea L. and Mulder, Jean and Rosenblum, Daisy},
   Volume = {Special Publication No. 2},
   Pages = {173-202},
      Year = {2010a} }




@incollection{
LovickO2011,
   Author = {Lovick, Olga},
   Title = {The {Upper Tanana} {Athabascan} vowel system: Taking a snapshot of a language},
   BookTitle = {Working papers in {Athabaskan} languages 2010 ({Alaska} Native Language Center Working Papers Number 9). Proceedings of the 2010 {Athabascan}/Dene Languages Conference in Eugene, Oregon},
   Editor = {Tuttle, Siri G. and Lovick, Olga},
   Pages = {96–105},
   Publisher = {{Alaska} Native Language Center},
   Address = {Fairbanks},
      Year = {2011} }




@incollection{
LovickO2012a-metaphor,
   Author = {Lovick, Olga},
   Title = {Walking like a porcupine, talking like a raven: Figurative language in {Upper Tanana} {Athabascan}},
   BookTitle = {Endangered Metaphors},
   Editor = {Idstrom, Anna and Piirainen, Elisabeth},
   Publisher = {John Benjamins},
   Address = {Amsterdam},
   Pages = {103–121},
      Year = {2012} }




@article{
LovickO2012b-genre,
   Author = {Lovick, Olga},
   Title = {The identification of narrative genres in {Upper Tanana} {Athabascan}: a preliminary study},
   Journal = {Northwest Journal of Linguistics},
   Volume = {6},
   Number = {3},
   Pages = {1–29},
      Year = {2012} }




@incollection{
LovickTuttle2011,
   Author = {Lovick, Olga and Tuttle, Siri G.},
   Title = {Conversation in {Upper Tanana} {Athabascan}: Syntactic and prosodic patterns},
   BookTitle = {Language Documentation and Description 10},
   Editor = {Burenhult, Niclas and Holmer, Arthur and Karlsson, Anastasia and Lundström, Håkan and Svantesson, Jan-Olof},
   Publisher = {SOAS},
   Address = {London},
   Pages = {132-176},
      Year = {2011} }




@article{
LovickTuttle2012,
   Author = {Lovick, Olga and Tuttle, Siri G.},
   Title = {The prosody of Dena’ina narrative discourse},
   Journal = {International Journal of American Linguistics},
   Volume = {78},
   Number = {3},
   Pages = {293–334},
   Keywords = {Dena'ina
{Athabascan}
intonation
discourse linguistics},
   Year = {2012} }




@incollection{
LoweR1996,
   Author = {Lowe, Ronald},
   Title = {Inuktitut},
   BookTitle = {Quebec's aboriginal languages: History, planning, development},
   Editor = {Maurais, Jacques},
   Publisher = {Multilingual Matters LTD},
   Address = {Clevedon et al.},
   Pages = {204-232},
      Year = {1996} }




@article{
MaddiesonISmithCBessellN2001,
   Author = {Maddieson, Ian and Smith, Caroline L. and Bessell, Nicola},
   Title = {Aspects of the phonetics of Tlingit},
   Journal = {Anthropological Linguistics},
   Volume = {43},
   Number = {2},
   Pages = {135-176},
      Year = {2001} }




@book{
MametI2008,
   Author = {Mamet, Ingo},
   Title = {Ventureño},
   Publisher = {LINCOM},
   Address = {München},
      Year = {2008} }




@incollection{
MarloweP2000,
   Author = {Marlow, Patrick E.},
   Title = {{Koyukon} sound system and orthography},
   BookTitle = {{Koyukon} {Athabaskan} Dictionary},
   Editor = {Jetté, Jules and Jones, Eliza},
   Publisher = {{Alaska} Native Language Center},
   Address = {Fairbanks},
   Pages = {lxvi-lxxi},
      Year = {2000} }




@book{
MartinJ2011,
   Author = {Martin, Jack B.},
   Title = {A grammar of Creek (Muskogee)},
   Publisher = {University of Nebraska Press},
   Address = {Lincoln},
      Year = {2011} }




@article{
MasonJ1918,
   Author = {Mason, J. Alden},
   Title = {The language of the Salinan Indians},
   Journal = {University of California Publications in American Archeology and Ethnology},
   Volume = {14},
   Number = {1},
   Pages = {1-154},
      Year = {1918} }




@inproceedings{
MattinaA2000,
   Author = {Mattina, Anthony},
   Title = {Okanagan sandhi and morphophonemics},
   BookTitle = {Proceedings of the International Conference of Salish and Neighboring Languages 35},
   Pages = {147-158},
      Year = {2000} }




@article{
MauriCSansoA2012,
   Author = {Mauri, Caterina and Sansò, Andrea},
   Title = {What do languages encode when they encode reality status?},
   Journal = {Language Sciences},
   Volume = {34},
   Number = {2},
   Pages = {99-106},
      Year = {2012} }




@book{
MaryoL1982,
   Editor = {Mayo, Lousie Tansy},
   Title = {Hutsaay hwt'aene yenida'a: Legends of the small timber people. Told by Jake Tansy, written by Louise Tansy Mayo, edited by James Kari. },
   Address = {Anchorage},
      Year = {1982} }




@incollection{
McCreedyL1989,
   Author = {McCreedy, Lynn},
   Title = {Cohesion and discourse structure in three genres of Navajo discourse},
   BookTitle = {Athapaskan linguistics: Current perspectives on a language family},
   Editor = {Cook, Eung-Do and Rice, Keren},
   Series = {Trends in Linguistics State-of-the-Art Reports},
   Publisher = {Mouton de Gruyter.},
   Address = {Berlin, New York},
   Pages = {439-486},
      Year = {1989} }




@book{
McDonoughJ2003,
   Author = {McDonough, Joyce},
   Title = {The Navajo sound system},
   Publisher = {Kluwer Academic Publishers},
   Address = {Dordrecht},
      Year = {2003} }




@book{
McKennanR1959,
   Author = {McKennan, Robert A.},
   Title = {The {Upper Tanana} Indians},
   Publisher = {Department of Anthropology, Yale University},
   Address = {New Haven},
   Series = {Yale University Publications in Anthropology},
   Keywords = {{Upper Tanana}
{Athabascan}
anthropology},
   Year = {1959} }




@incollection{
McKennanR1981,
   Author = {McKennan, Robert A.},
   Title = {Tanana},
   BookTitle = {Handbook of North American Indians, Volume 6: Subarctic},
   Editor = {Helm, June},
   Publisher = {Smithsonian Institution},
   Address = {Washington},
   Pages = {562-576},
   Keywords = {{Upper Tanana}
Tanacross
Lower Tanana
{Athabascan}
anthropology},
   Year = {1981} }




@book{
McLaughlinJ2006,
   Author = {McLaughlin, John E.},
   Title = {Timbisha (Panamint)},
   Publisher = {LINCOM Europa},
   Address = {München},
      Year = {2006} }




@book{
McLendonS1975,
   Author = {McLendon, Sally},
   Title = {A grammar of Eastern Pomo},
   Publisher = {University of California Press},
   Address = {Berkeley},
      Year = {1975} }




@book{
MelnarL2004,
   Author = {Melnar, Lynette R.},
   Title = {Caddo verb morphology},
   Publisher = {University of Nebraska Press},
   Address = {Lincoln & London},
      Year = {2004} }




@book{
MichelsonK1988,
   Author = {Michelson, Karin},
   Title = {A comparative study of Lake-Iroquoian accent},
   Publisher = {Kluwer Academic Publishers},
   Address = {Dordrecht, Boston, London},
      Year = {1988} }




@inproceedings{
MilanowskiP1961,
   Author = {Milanowski, Paul G.},
   Title = {Sound system of {{Upper Tanana} Athapaskan} (a preliminary view)},
   BookTitle = {Science in {Alaska}, proceedings of the 12th {Alaska}n Science Conference},
   Address= {College, AK},
   Publisher = {{Alaska} Division, American Association for the Advancement of Science},
      Year = {1961} }




@book{
MilanowskiPJimersonS1975,
   Author = {Milanowski, Paul G. and Jimerson, Shirley David},
   Title = {{Nee’aandeegn’: {Upper Tanana} dictionary}},
   Publisher = {{Alaska} Native Education Board},
   Address = {Anchorage},
         Year = {1975} }




@book{
MilanowskiPJohnA1966,
   Editor = {Milanowski, Paul G. and John, Alfred},
   Title = {{T'oodįht'aiy aandeegn' suu' Mark Utneetł'adn haa': The gospel according to Mark. {Upper Tanana} and Today's English version}},
   Publisher = {American Bible Society},
   Address = {New York},
      Year = {1966} }




@book{
MilanowskiPJohnA1972,
   Author = {Milanowski, Paul G. and John, Alfred},
   Title = {T’oodįht’aiy Aandeegn. PAUL Dinahtł’aa Ch’itheh eł Łaakeiy dan THESSALONICA Keiy’ Koht’iin ts’ą’ tł’aan Ch’itheh eł Łaakeiy dan TIMOTHY ts’ą’ tł’aan TITUS ts’ą’ tł’aan PHILEMON ts’ą’ Neetł’at (God’s Word.  I and II Thessalonians, I and II Timothy, Titus, and Philemon:  {Upper Tanana} and Today’s English Version.)},
   Publisher = {Wycliffe Bible Translators Inc.},
   Address = {Fairbanks},
      Year = {1972} }




@book{
MilanowskiPJohnA1979,
   Author = {Milanowski, Paul G. and John, Alfred},
   Title = {Nee’aaneegn’: {Upper Tanana} ({Tetlin}) Junior Dictionary.},
   Publisher = {National Bilingual Materials Development Center},
   Address = {Anchorage},
      Year = {1979} }




@book{
MillerW1965,
   Author = {Miller, Wick R.},
   Title = {Acoma grammar and texts},
   Publisher = {The University of California Press},
   Address = {Berkeley},
   Series = {University of California publications in linguistics (Vol. 40)},
      Year = {1965} }




@incollection{
MillerW1980,
   Author = {Miller, Wick R.},
   Title = {Preasporated consonants in Central Numic},
   BookTitle = {American Indian and Indoeuropean Studies: Papers in Honor of Madison S. Beeler},
   Editor = {Klar, Kathryn and Langdon, Margaret and Silver, Shirley},
   Publisher = {de Gruyter},
   Address = {Berlin},
   Pages = {151-158},
      Year = {1980} }




@article{
MillerWDavisI1963,
   Author = {Miller, Wick R. and Davis, Irvine},
   Title = {Proto-Keresan phonology},
   Journal = {International Journal of American Linguistics},
   Volume = {29},
   Number = {4},
   Pages = {310-330},
      Year = {1963} }




@article{
MinerK1979,
   Author = {Miner, Kenneth L.},
   Title = {Dorsey's Law in Winnebago-Chiwere and Winnebago Accent},
   Journal = {International Journal of American Linguistics},
   Volume = {45},
   Number = {1},
   Pages = {25-33},
      Year = {1979} }




@article{
MinerK1981,
   Author = {Miner, Kenneth L.},
   Title = {Metrics, or Winnebago Made Harder},
   Journal = {International Journal of American Linguistics},
   Volume = {47},
   Number = {4},
   Pages = {340-342},
      Year = {1981} }




@incollection{
MinouraN1994,
   Author = {Minoura, Nobukatsu},
   Title = {A comparative phonology of the {Upper Tanana} {Athabaskan} dialects},
   BookTitle = {{Languages of the North Pacific Rim}},
   Editor = {Miyaoka, Osahito},
   Series = {Hokkaido University Publications in Linguistics Number},
   Publisher = {Department of Linguistics, Faculty of Letters, Hokkaido University},
   Address = {Sapporo},
      Year = {1994} }




@incollection{
MinouraN1997,
   Author = {Minoura, Nobukatsu},
   Title = {A note on possessive construction in {Upper Tanana} {Athabaskan}},
   BookTitle = {Studies in Possessive Expressions},
   Editor = {Hayasi, Tooru and Bhaskararao, Peri},
   Publisher = {Institute for the Study of Language and Cultures of Asia and Africa},
   Address = {Tokyo},
   Pages = {177-196},
      Year = {1997} }




@book{
MishlerC2013,
   Author = {Mishler, Craig},
   Title = {The blind man and the loon: The story of a tale},
   Publisher = {University of Nebraska Press},
   Address = {Lincoln/London},
      Year = {2013} }




@book{
MishlerCSimeoneW2004,
   Author = {Mishler, Craig and Simeone, William E.},
   Title = {Han, people of the river: Hän Hwëch'in},
   Publisher = {University of {Alaska} Press},
   Address = {Fairbanks},
      Year = {2004} }




@inproceedings{
MitchellBWebsterA2011,
   Author = {Mitchell, Blackhorse and Webster, Anthony K.},
   Title = {Losing control in a Navajo poem: On the ethnopoetics of an expressive feature in a poem by Rex Lee Jim},
   BookTitle = {2010 {Athabaskan} Languages Conference},
   Editor = {Tuttle, Siri G. and Lovick, Olga},
   Address= {Eugene, Oregon},
   Publisher = {{Alaska} Native Language Center},
   Keywords = {Navajo
{Athabascan}
ethnography of speaking
expressive language
prosody},
   Year = {2011} }




@incollection{
MithunM1987,
   Author = {Mithun, Marianne},
   Title = {Is basic word order universal?},
   BookTitle = {Coherence and grounding in discourse},
   Editor = {Tomlin, Russell S.},
   Publisher = {John Benjamins Publishing Company},
   Address = {Amsterdam/Philadelphia},
   Pages = {281–328},
      Year = {1987} }




@incollection{
MithunM1996,
   Author = {Mithun, Marianne},
   Title = {The Mohawk language},
   BookTitle = {Quebec's aboriginal languages: History, planning, development},
   Editor = {Maurais, Jacques},
   Publisher = {Multilingual Matters LTD},
   Address = {Clevedon et al.},
   Pages = {159-173},
      Year = {1996} }




@book{
MIthunM1999,
   Author = {Mithun, Marianne},
   Title = {The languages of native North America},
   Publisher = {Cambridge University Press},
   Address = {Cambridge},
      Year = {1999} }




@article{
MithunM2008,
   Author = {Mithun, Marianne},
   Title = {The extension of dependency beyond the sentence},
   Journal = {Language},
   Volume = {84},
   Number = {1},
   Pages = {69-119},
      Year = {2008} }




@book{
MixcoM1997,
   Author = {Mixco, Mauricio},
   Title = {Mandan},
   Publisher = {LINCOM Europa},
   Address = {München},
   Series = {Languages of the world series: Materials 159.},
      Year = {1997} }




@book{
MixcoM2000,
   Author = {Mixco, Mauricio J.},
   Title = {Kiliwa},
   Publisher = {Lincom},
   Address = {München},
      Year = {2000} }




@article{
MiyaokaO1971,
   Author = {Miyaoka, Osahito},
   Title = {On syllable modification and quantity in Yuk phonology},
   Journal = {International Journal of American Linguistics},
   Volume = {37},
   Number = {4},
   Pages = {219-226},
      Year = {1971} }




@incollection{
MiyaokaO1996,
   Author = {Miyaoka, Osahito},
   Title = {Sketch of Central {Alaska}n Yupik, an Eskimoan language},
   BookTitle = {Handbook of North American Indians, Vol. 17: Languages},
   Editor = {Goddard, Ives},
   Publisher = {Smithsonian},
   Address = {Washington},
   Pages = {325-363},
      Year = {1996} }




@book{
MontlerT1986,
   Author = {Montler, Timothy},
   Title = {An outline of the morphology and phology of Saanich, North Straits Salish},
   Publisher = {The University of Montana Linguistics Laboratory},
   Address = {Missoula},
   Series = {University of Montana Occasional Papers in Linguistics 4},
      Year = {1986} }




@inproceedings{
MontlerT1998,
   Author = {Montler, Timothy},
   Title = {The major processes affecting Klallam vowels},
   BookTitle = {Proceedings of the International Conference on Salish and Neighboring Languages 33},
   Publisher = {UBC Press},
   Pages = {366-373},
      Year = {1998} }




@phdthesis{
MooreP2002,
   Author = {Moore, Patrick J.},
   Title = {Point of view in {Kaska} historical narratives},
   School = {Indiana University},
      Year = {2002} }


@article{
MoorePTlenD2007,
   Author = {Moore, Patrick and Tlen, Daniel},
   Title = {Indigenous Linguistics and Land Claims: The Semiotic Projection of {Athabaskan} Directionals in {Elijah Smith's} Radio Work},
   Journal = {Journal of Linguistic Anthropology},
   Volume = {17},
   Number = {2},
   Pages = {266-286},
      Year = {2006} }


@book{
MoshinskyJ1974,
   Author = {Moshinsky, Julius},
   Title = {A grammar of Southeastern Pomo},
   Publisher = {University of California Press},
   Address = {Berkeley},
      Year = {1974} }




@misc{
BibTeX,
   Author = {Muehlbauer, Jeffrey},
   Title = {Phonetics issues I’d like to see worked on in Plains Cree},
   Volume = {2012},
         Year = {2012} }




@inproceedings{
MüllerO2002,
   Author = {Müller, Olga},
   Title = {Cohesion in Chiricahua Apache Narratives},
   BookTitle = {2002 {Athabaskan} Languages Conference},
   Editor = {???},
   Address= {Fairbanks},
   Publisher = {{Alaska} Native Language Center},
   Pages = {52-62},
      Year = {2002} }




@incollection{
MüllerO2004,
   Author = {Müller, Olga},
   Title = {Why there is no y-/b-alternation in Dena’ina},
   BookTitle = {Working Papers in {Athabaskan} Languages: },
   Editor = {???},
   Series = {{Alaska} Native Language Center Working Papers Number 4},
   Publisher = {{Alaska} Native Language Center},
   Address = {Fairbanks},
      Year = {2004} }




@incollection{
MunroP2005,
   Author = {Munro, Pamela},
   Title = {Chickasaw},
   BookTitle = {Native Languages of the Southeastern United States},
   Editor = {Hardy, Heather K. and Scancarelli, Janine},
   Publisher = {University of Nebraska Press},
   Address = {Lincoln},
   Pages = {114-156},
      Year = {2005} }




@article{
MyersSHansenB2006,
   Author = {Myers, Scott and Hansen, Benjamin B.},
   Title = {The origin of vowel length neutralization in final position: Evidence from Finnish speakers},
   Journal = {Natural Language & Linguistic Theory},
   Volume = {25},
   Number = {157-193},
      Year = {2006} }




@book{
NadasdyP2003,
   Author = {Nadasdy, Paul},
   Title = {Hunters and bureaucrats: Power, knowledge, and aboriginal-state relations in the Southwest Yukon} ,
   Publisher = {UBC Press},
   Address = {Vancouver, BC},
   Year = {2003} }

@article{
NaterH1979,
   Author = {Nater, Hank F.},
   Title = {Bella Coola phonology},
   Journal = {Lingua},
   Volume = {49},
   Pages = {169-187},
      Year = {1979} }




@article{
NaterH1989,
   Author = {Nater, Hank F.},
   Title = {Some comments on the phonology of Tahltan},
   Journal = {International Journal of American Linguistics},
   Volume = {55},
   Number = {25-42},
      Year = {1989} }




@book{
NelsonR1983,
   Author = {Nelson, Richard K.},
   Title = {Make prayers to the raven: A {Koyukon} view of the boreal forest},
   Publisher = {Chicago University Press},
   Address = {Chicago},
   Keywords = {{Koyukon}
{Athabascan}
anthropology},
   Year = {1983} }




@book{
NesporMVogelI2007,
   Author = {Nespor, Marina and Vogel, Irene},
   Title = {Prosodic phonology: with a new foreword},
   Publisher = {Mouton de Gruyter},
   Address = {Berlin},
      Year = {2007} }




@misc{
BibTeX,
   Author = {Newbold, Lindsay},
   Title = {Word order in Hupa},
         Year = {2009} }




@book{
NewmanS1944,
   Author = {Newman, Stanley},
   Title = {Yokuts: Language of California},
   Publisher = {Viking Fund},
   Address = {New York},
      Year = {1944} }




@incollection{
NewmanS1996,
   Author = {Newman, Stanley},
   Title = {Sketch of the Zuni language},
   BookTitle = {Handbook of North American Indians, Vol. 17: Languages},
   Editor = {Goddard, Ives},
   Publisher = {Smithsonian},
   Address = {Washington},
   Pages = {483-506},
      Year = {1996} }




@book{
NicolieK1976,
   Author = {Nicolie, Katherine},
   Title = {Ndał Tsukdu / Gheldzay Tsukdu. Ed. James Kari},
   Publisher = {{Alaska} Native Language Center},
   Address = {Fairbanks},
      Year = {1976} }




@article{
NilepC2006,
   Author = {Nilep, Chad},
   Title = {"Code switching" in sociocultural linguistics},
   Journal = {Colorado Research in Linguistics},
   Volume = {19},
   Pages = {1-22},
      Year = {2006} }




@inproceedings{
NoguchiM2011,
   Author = {Noguchi, Masaki},
   Title = {A preliminary study of intonation in Kwak'wala},
   BookTitle = {Proceedings of the International Conference on Salish and Neighboring Languages 46 (UBC Working Papers in Linguistics vol. 30)},
   Pages = {321-350},
      Year = {2011} }




@book{
OConnorM1992,
   Author = {O'Connor, Mary Catherine},
   Title = {Topics in Northern Pomo grammar},
   Publisher = {Garland Publishing},
   Address = {New York, London},
      Year = {1992} }




@phdthesis{
OkrandM1977,
   Author = {Okrand, Marc},
   Title = {Mutsun grammar},
      Year = {1977} }




@article{
OlmsteadD1958,
   Author = {Olmstead, David L.},
   Title = {Atsugewi phonology},
   Journal = {International Journal of American Linguistics},
   Volume = {24},
   Number = {3},
   Pages = {215-220},
      Year = {1958} }




@book{
OlmsteadD1964,
   Author = {Olmstead, David L.},
   Title = {A history of Palaihnihan phonology},
   Publisher = {University of California Press},
   Address = {Berkeley},
   Series = {University of California publications in linguistics 35},
      Year = {1964} }




@book{
OsgoodC1959,
   Author = {Osgood, Cornelius},
   Title = {Ingalik mental culture},
   Publisher = {Department of Anthropology, Yale University},
   Address = {New Haven},
   Series = {Yale University Publications in Anthropology},
      Year = {1959} }




@book{
OsgoodC1971,
   Author = {Osgood, Cornelius},
   Title = {The Han Indians: A compilation of ethnographic and historical data on the {Alaska}-Yukon boundary area},
   Publisher = {Department of Anthropology, Yale University},
   Address = {New Haven},
      Year = {1971} }




@book{
PalmerF2001,
   Author = {Palmer, Frank R.},
   Title = {Mood and modality},
   Publisher = {Cambridge University Press},
   Address = {Cambridge},
      Year = {2001} }




@incollection{
ParksD2001,
   Author = {Parks, Douglas R.},
   Title = {The Caddoan languages},
   BookTitle = {Handbook of North American Indians, Vol. 13: Plains},
   Editor = {DeMallie, Raymond J.},
   Publisher = {Smithsonian},
   Address = {Washington, D.C.},
   Pages = {80-94},
      Year = {2001} }




@article{
ParksDDeMallieR1992,
   Author = {Parks, Douglas R. and DeMallie, Raymond J.},
   Title = {Sioux, Assiniboine and Stoney Dialects: A Classification},
   Journal = {Anthropological Linguistics},
   Volume = {34},
   Number = {1-4},
   Pages = {233-255},
      Year = {1992} }




@book{
Payne1997,
   Author = {Payne, Thomas E.},
   Title = {Describing Morphosyntax: A guide for field linguists},
   Publisher = {Cambridge University Press},
   Address = {Cambridge},
      Year = {1997} }




@book{
PeteS1975,
   Author = {Pete, Shem},
   Title = {Susitnu Htsukdu'a. Edited by James Kari},
   Publisher = {{Alaska} Native Language Center},
   Address = {Fairbanks},
      Year = {1975} }




@book{
PeteS1977,
   Author = {Pete, Shem},
   Title = {Diqelas Tukda. Transcribed and edited by James Kari},
   Publisher = {{Alaska} Native Language Center},
   Address = {Fairbanks},
      Year = {1977} }




@article{
PeteS1989,
   Author = {Pete, Shem},
   Title = {The Hunting Dog: A Dena'ina tale of subsistence values. Translated by Billy Pete, James Kari, and James Fall},
   Journal = {{Alaska} Fish & Game},
   Number = {November-December 1989},
   Pages = {3-7},
      Year = {1989} }




@incollection{
PeteS2003,
   Author = {Pete, Shem},
   Title = {1919 Trip to Susitna Station},
   BookTitle = {Shem {P}ete's {Alaska}: The territory of the Upper Cook Inlet Dena'ina},
   Editor = {Kari, James and Fall, James A.},
   Publisher = {University of {Alaska} Press},
   Address = {Fairbanks},
   Pages = {160-168},
      Year = {2003} }




@phdthesis{
PharrisN2006,
   Author = {Pharris, Nicholas J.},
   Title = {Winuunsi Tm Talapaas: A Grammar of the Molalla Language},
   School = {University of Michigan},
      Year = {2006} }




@book{
PitkinH1984,
   Author = {Pitkin, Harvey},
   Title = {Wintu grammar},
   Publisher = {University of California Press},
   Address = {Berkeley},
   Series = {University of California Publications in Linguistics 94},
      Year = {1984} }




@book{
PressM1979,
   Author = {Press, Margaret L.},
   Title = {Chemehuevi: A grammar and lexicon},
   Publisher = {University of California Press},
   Address = {Berkeley, Los Angeles, London},
      Year = {1979} }




@article{
PrinceJ1902,
   Author = {Prince, J. Dyneley},
   Title = {The differentiation between the Penobscot and the Canadian Abenaki dialects},
   Journal = {American Anthropologist, New Series},
   Volume = {4},
   Number = {1},
   Pages = {17-32},
      Year = {1902} }




@article{
PrinceJ1910,
   Author = {Prince, J. Dyneley},
   Title = {The Penobscot language of Maine},
   Journal = {American Anthropologist, New Series},
   Volume = {12},
   Number = {2},
   Pages = {183-208},
      Year = {1910} }




@book{
RadinP1929,
   Author = {Radin, Paul},
   Title = {A grammar of the Wappo language},
   Publisher = {University of California Press},
   Address = {Berkeley},
      Year = {1929} }




@phdthesis{
RaffoY1972,
   Author = {Raffo, Yolanda Adele},
   Title = {A phonology and morphology of Songish, a dialect of Straights Salish.},
   School = {University of Kansas},
      Year = {1972} }




@article{
RandE1968,
   Author = {Rand, Earl},
   Title = {The structural phonology of Alabaman, a Muskogean language},
   Journal = {International Journal of American Linguistics},
   Volume = {34},
   Number = {2},
   Pages = {94-103},
      Year = {1968} }




@incollection{
RankinR2005,
   Author = {Rankin, Robert L.},
   Title = {Quapaw},
   BookTitle = {Native languages of the Southeastern United States},
   Editor = {Hardy, Heather K. and Scancarelli, Janine},
   Publisher = {Lincoln: University of Nebraska Press},
   Address = {Lincoln},
   Pages = {454-498},
      Year = {2005} }




@incollection{
ReichardG1938,
   Author = {Reichard, Gladys A.},
   Title = {Coeur d'Alene grammar},
   BookTitle = {Handbook of American Indian Languages},
   Editor = {Boas, Franz},
   Publisher = {Columbia University},
   Address = {New York},
   Pages = {520-707},
      Year = {1938} }




@article{
ReichardG1948,
   Author = {Reichard, Gladys A.},
   Title = {The significance of aspiration in Navaho},
   Journal = {International Journal of American Linguistics},
   Volume = {14},
   Pages = {15-19},
   Keywords = {Navajo
{Athabascan}
prosody
ethnography of speaking
expressive language},
   Year = {1948} }




@phdthesis{
RhyasenErdmanC1997,
   Author = {Rhyasen Erdman, Corrie Lee},
   Title = {Stress in Stoney},
   School = {University of Calgary},
      Year = {1997} }




@book{
RiceK1989,
   Author = {Rice, Keren},
   Title = {A Grammar of Slave},
   Publisher = {Mouton de Gruyter.},
   Address = {Berlin, New York},
      Year = {1989} }




@book{
RiceK2000,
   Author = {Rice, Keren},
   Title = {Morpheme order and semantic scope},
   Publisher = {John Benjamins},
   Address = {Amsterdam, New York},
      Year = {2000} }




@incollection{
RiceK2005,
   Author = {Rice, Keren},
   Title = {Prominence and the verb stem in Slave (Hare)},
   BookTitle = {{Athabaskan} prosody},
   Editor = {Hargus, Sharon and Rice, Keren},
   Publisher = {John Benjamins},
   Address = {Amsterdam},
   Pages = {345-368},
      Year = {2005} }




@incollection{
RiceKSaxonL1994,
   Author = {Rice, Keren and Saxon, Leslie},
   Title = {The subject positions in Athapaskan languages},
   BookTitle = {The Morphology-Syntax Connection, MIT Working Papers in Linguistics vol. 22},
   Editor = {Harley, Heidi and Phillips, Colin},
   Publisher = {MIT},
   Address = {Cambridge, MA},
   Pages = {173-195},
     Year = {1994} }




@incollection{
RiceKSaxonL2005,
   Author = {Rice, Keren and Saxon, Leslie},
   Title = {Comparative {Athabaskan} syntax: Arguments and projections},
   BookTitle = {The Oxford handbook of comparative syntax},
   Editor = {Cinque, Guglielmo and Kayne, Richard S},
   Publisher = {Oxford University press},
   Address = {Oxford},
   Pages = {698-774},
      Year = {2005} }




@incollection{
RiceS2002,
   Author = {Rice, Sally},
   Title = {Posture and existence predicates in Dene Suɫiné (Chipewyan): Lexical and semantic density as a function of the SIT/STAND/LIE continuum},
   BookTitle = {The Linguistics of Sitting, Standing, and Lying},
   Editor = {Newman, John},
   Publisher = {John Benjamins},
   Address = {Amsterdam, Philadelphia},
   Pages = {61–78},
      Year = {2002} }




@article{
RigsbyBIngramJ1990,
   Author = {Rigsby, Bruce and Ingram, John},
   Title = {Obstruent voicing and glottalic obstruents in Gitksan},
   Journal = {International Journal of American Linguistics},
   Volume = {56},
   Number = {2},
   Pages = {251-263},
      Year = {1990} }




@incollection{
RigsbyBRudeN1996,
   Author = {Rigsby, Bruce and Rude, Noel},
   Title = {Sketch of Sahaptin, a Sahaptian language},
   BookTitle = {Handbook of North American Indians, Vol. 17: Languages},
   Editor = {Goddard, Ives},
   Publisher = {Smithsonian},
   Address = {Washington},
   Pages = {666-692},
      Year = {1996} }




@article{
RobinettF1955,
   Author = {Robinett, Florence M.},
   Title = {Hidatsa I: Morphophonemics},
   Journal = {International Journal of American Linguistics},
   Volume = {21},
   Number = {1},
   Pages = {1-7},
      Year = {1955} }




@incollection{
RoodD1996,
   Author = {Rood, David S.},
   Title = {A sketch of Wichita},
   BookTitle = {Handbook of North American Indians, Vol. 17: Languages},
   Editor = {Goddard, Ives},
   Publisher = {Smithsonian},
   Address = {Washington},
   Pages = {580-608},
      Year = {1996} }




@incollection{
RoodDTaylorA1996,
   Author = {Rood, David S. and Taylor, Allan R.},
   Title = {Sketch of Lakhota, a Siouan language},
   BookTitle = {Handbook of North American Indians, Vol. 17: Languages},
   Editor = {Goddard, Ives},
   Publisher = {Smithsonian},
   Address = {Washington},
   Pages = {440-482},
      Year = {1996} }




@article{
RuppertJ1990,
   Author = {Ruppert, James},
   Title = {Foreword},
   Journal = {K'etetaalkkaanee, the one who paddled among the people and animals: The story of an ancient traveler. Told by Catherine Attla},
   Pages = {vi-vii},
      Year = {1990} }




@incollection{
RuppertJ1996,
   Author = {Ruppert, James},
   Title = {Mary Tyone: An appreciation},
   BookTitle = {Ttheek’ädn Ut’iin Yaaniidą’ Ǫǫnign’: Old Time Stories of the Scottie Creek People. Stories told in {Upper Tanana} {Athabaskan} by Mary Tyone, Ts’ą’ Yahnik},
   Editor = {Kari, James},
   Publisher = {{Alaska} Native Language Center},
   Address = {Fairbanks},
   Pages = {ix-x},
      Year = {1996} }




@article{
RussellK2008,
   Author = {Russell, Kevin},
   Title = {Sandhi in Plains Cree},
   Journal = {Journal of Phonetics},
   Volume = {36},
   Pages = {450-464},
      Year = {2008} }




@book{
RussellPWestG2003,
   Author = {Russell, Priscilla N. and West, George C.},
   Title = {Bird traditions of the Lime Village area Dena'ina},
   Publisher = {{Alaska} Native Knowledge Network},
   Address = {Fairbanks},
      Year = {2003} }




@article{
SalzmanZ1956,
   Author = {Salzmann, Zdeněk},
   Title = {Arapaho I: Phonology},
   Journal = {International Journal of American Linguistics},
   Volume = {22},
   Number = {1},
   Pages = {49-56},
      Year = {1956} }




@article{
SalzmannZ1961,
   Author = {Salzmann, Zdeněk},
   Title = {Arapaho IV: Interphonemic specification},
   Journal = {International Journal of American Linguistics},
   Volume = {27},
   Number = {2},
   Pages = {151-155},
      Year = {1961} }




@article{
SalzmannZ1969,
   Author = {Salzmann, Zdeněk},
   Title = {Salvage Phonology of Gros Ventre (Atsina)},
   Journal = {International Journal of American Linguistics},
   Volume = {35},
   Number = {4},
   Pages = {307-314},
      Year = {1969} }




@incollection{
SandovalMJelinekE1989,
   Author = {Sandoval, Merton and Jelinek, Eloise},
   Title = {The bi-construction and pronominal arguments in Apachean},
   BookTitle = {Athapaskan Linguistics: Current perspectives on a language family (Trends in Linguistics State-of-the-Art Reports 15)},
   Editor = {Cook, Eung-do and Rice, Keren},
   Publisher = {Mouton de Gruyter},
   Address = {Berlin, New York},
   Pages = {335–377},
      Year = {1989} }




@article{
SapirE1923,
   Author = {Sapir, Edward},
   Title = {The phonetics of Haida},
   Journal = {International Journal of American Linguistics},
   Volume = {2},
   Number = {3/4},
   Pages = {143-158},
      Year = {1923} }




@article{
SapirE1930,
   Author = {Sapir, Edward},
   Title = {Southern Paiute, a Shoshonean Language},
   Journal = {Proceedings of the American Academy of Arts and Sciences},
   Volume = {65},
   Number = {1},
   Pages = {1-296},
      Year = {1930} }




@book{
SapirEHoijerH1967,
   Author = {Sapir, Edward and Hoijer, Harry},
   Title = {Phonology and morphology of the Navajo language},
   Publisher = {University of California Press},
   Address = {Berkeley},
      Year = {1967} }




@book{
SawyerJ1991,
   Author = {Sawyer, Jesse},
   Title = {Wappo studies, ed. Alice Shepherd},
   Publisher = {Department of Linguistics},
   Address = {Berkeley},
   Series = {Report 7, Survey of California and other Indian languages},
      Year = {1991} }




@phdthesis{
SaxonL1986,
   Author = {Saxon, Leslie},
   Title = {The syntax of pronouns in Dogrib},
      Year = {1986} }




@incollection{
SaxonL1989,
   Author = {Saxon, Leslie},
   Title = {Lexical versus syntactic projection: The configurationality of Slave},
   BookTitle = {{Athabaskan} linguistics: Current perspectives on a language family (Trends in linguistics State-of-the-Art Reports 15)},
   Editor = {Cook, Eung-Do and Rice, Keren},
   Publisher = {Mouton de Gruyter},
   Address = {Berlin, New York},
   Pages = {379–406},
      Year = {1989} }




@article{
SaxonL1993,
   Author = {Saxon, Leslie},
   Title = {A Personal Use for Athapaskan 'Impersonal' ts'e-},
   Journal = {International Journal of American Linguistics},
   Volume = {59},
   Number = {3},
   Pages = {342–354},
      Year = {1993} }




@misc{
SaxonLSiemensMnd,
   Author = {Saxon, Leslie and Siemens, Mary},
   Title = {Tlįcho Yatìi Multimedia Dictionary},
         Year = {n.d.} }




@article{
SaxtonD1963,
   Author = {Saxton, Dean},
   Title = {Papago phonemes},
   Journal = {International Journal of American Linguistics},
   Volume = {29},
   Number = {1},
   Pages = {29-35},
      Year = {1963} }




@incollection{
ScancarelliJ2005,
   Author = {Scancarelli, Janine},
   Title = {Cherokee},
   BookTitle = {Native Languages of the Southeastern United States},
   Editor = {Hardy, Heather K. and Scancarelli, Janine},
   Publisher = {University of Nebraska Press in cooperation with the American Indian Studies Research Institute, Indiana University, Bloomington},
   Address = {Lincoln},
   Pages = {351–384},
      Year = {2005} }




@phdthesis{
SchudelE1997,
   Author = {Schudel, Emily K.},
   Title = {Elicitation and analysis of Nakoda texts from southern Saskatchewan},
   School = {Masters thesis, University of Regina.},
      Year = {1997} }




@phdthesis{
SchwiertzG2009,
   Author = {Schwiertz, Gabriele},
   Title = {Intonation and prosodic structure in Beaver ({Athabaskan}): Explorations on the language of the Danezaa},
      Year = {2009} }




@book{
ScollonR1979,
   Author = {Scollon, Ronald},
   Title = {The context of the informant narrative performance: From Sociolinguistics to Ethnolinguistics at Fort Chipewyan, Alberta.},
   Publisher = {National Museums of Canada},
   Address = {Ottawa},
   Series = {Canadian Ethnology Service Paper},
      Year = {1979} }




@book{
ScollonRScollonS1979,
   Author = {Scollon, Ronald and Scollon, Suzanne B.K.},
   Title = {Linguistic convergence: An ethnography of speaking at Fort Chipewyan, Alberta},
   Publisher = {Academic Press Inc.},
   Address = {New York},
      Year = {1979} }




@incollection{
ScollonRScollonS1984,
   Author = {Scollon, Ronald and Scollon, Suzanne B.K.},
   Title = {Cooking it up and boiling it down: Abstracts in {Athabaskan} children's story retelling},
   BookTitle = {Coherence in spoken and written discourse},
   Editor = {Tannen, Deborah},
   Publisher = {Ablex Publishing Corporation},
   Address = {Norwood},
   Pages = {173-197},
      Year = {1984} }




@book{
SearleJ1979,
   Author = {Searle, John R.},
   Title = {Expression and meaning: Studies in the theory of speech acts},
   Publisher = {Cambridge University Press},
   Address = {Cambridge},
      Year = {1979} }




@book{
SeilerHJ1977,
   Author = {Seiler, Hansjakob},
   Title = {Cahuilla grammar},
   Publisher = {Malki Museum Press},
   Address = {Morongo},
      Year = {1977} }




@article{
ShaulD1995,
   Author = {Shaul, David Leedom},
   Title = {The Huelel (Esselen) language},
   Journal = {International Journal of American Linguistics},
   Volume = {61},
   Number = {2},
   Pages = {191-239},
      Year = {1995} }




@book{
ShawP1980,
   Author = {Shaw, Patricia A.},
   Title = {Theoretical issues in Dakota phonology and morphology},
   Publisher = {Garland},
   Address = {New York},
      Year = {1980} }




@article{
ShawP1985,
   Author = {Shaw, Patricia A.},
   Title = {Coexistent and competing stress rules in Stoney (Dakota)},
   Journal = {International Journal of American Linguistics},
   Volume = {51},
   Number = {1},
   Pages = {1-18},
      Year = {1985} }




@book{
SherzerJ1990,
   Author = {Sherzer, Joel},
   Title = {Verbal art in San Blas: Kuna culture through its discourse},
   Publisher = {Cambridge University Press},
   Address = {Cambridge},
   Series = {Cambridge Studies in oral and literate culture},
   Keywords = {Kuna
discourse linguistics
oral literature},
   Year = {1990} }




@book{
SherzerJ2002,
   Author = {Sherzer, Joel},
   Title = {Speech play and verbal art},
   Publisher = {University of Texas Press},
   Address = {Austin},
   Keywords = {play on words
word games
figures of speech
joking
riddles},
   Year = {2002} }




@book{
SherzerJWoodburyA1987,
   Editor = {Sherzer, Joel and Woodbury, Anthony},
   Title = {Native American Discourse: Poetics and
Rhetoric},
   Publisher = {Cambridge University Press},
   Address = {Cambridge},
      Year = {1987} }




@book{
ShipleyW1963,
   Author = {Shipley, William F.},
   Title = {Maidu grammar},
   Publisher = {University of California Press},
   Address = {Berkeley},
   Series = {University of California Publications in Linguistics 41},
      Year = {1963} }




@incollection{
SilversteinM1996,
   Author = {Silverstein, Michael},
   Title = {Dynamics of linguistic contact},
   BookTitle = {Handbook of North American Indians, Vol. 17: Languages},
   Editor = {Goddard, Ives},
   Publisher = {Smithsonian},
   Address = {Washington},
   Pages = {117-136},
      Year = {1996} }




@book{
SimeoneW1995,
   Author = {Simeone, William E.},
   Title = {Rifles, blankets, & beads: Identity, history, and the Northern Athapaskan potlatch},
   Publisher = {University of Oklahoma Press},
   Address = {Norman
London},
   Series = {The Civilization of the American Indian Series},
      Year = {1995} }




@article{
SivertsenE1956,
   Author = {Sivertsen, Eva},
   Title = {Pitch problems in Kiowa},
   Journal = {International Journal of American Linguistics},
   Volume = {22},
   Number = {2},
   Pages = {117-130},
      Year = {1956} }




@incollection{
SloetjesHWittenburgP,
   Author = {Sloetjes, Han and Wittenburg, Peter},
   Title = {Annotation by category—ELAN and ISO DCR},
   BookTitle = {Proceedings of the 6th International Conference on Language Resources and Evaluation (LREC 2008)},
      Year = {2008} }




@article{
SmalleyW1953,
   Author = {Smalley, William A.},
   Title = {Phonemic Rhythm in Comanche},
   Journal = {International Journal of American Linguistics},
   Volume = {19},
   Number = {4},
   Pages = {297-301},
      Year = {1953} }




@article{
SmithC2002,
   Author = {Smith, Caroline L.},
   Title = {Prosodic finality and sentence type in French},
   Journal = {Language and Speech},
   Volume = {45},
   Number = {2},
   Pages = {141-178},
      Year = {2002} }




@book{
SmithC1991,
   Author = {Smith, Carlota S.},
   Title = {The parameter of aspect},
   Publisher = {Kluwer Academic Publishers},
   Address = {Dordrecht},
      Year = {1991} }




@article{
SmithCPerkinsEFernaldT2007,
   Author = {Smith, Carlota S. and Perkins, Ellavina T. and Fernald, Theodore B.},
   Title = {Time in Navajo: Direct and indirect interpretation},
   Journal = {International Journal of American Linguistics},
   Volume = {73},
   Number = {1},
   Pages = {40–71},
      Year = {2007} }




@misc{
BibTeX,
   Author = {Spence, Justin},
   Title = {Some discourse effects on split nominals in Hupa},
   Month = {28 September 2008},
         Year = {2008} }




@article{
SpencerR1946,
   Author = {Spencer, Robert F.},
   Title = {The phonemes of Keresan},
   Journal = {International Journal of American Linguistics},
   Volume = {12},
   Number = {4},
   Pages = {229-236},
      Year = {1946} }




@article{
StarkD1962,
   Author = {Stark, Donald S.},
   Title = {Boundary markers in Dakota},
   Journal = {International Journal of American Linguistics},
   Volume = {28},
   Number = {1},
   Pages = {19-35},
      Year = {1962} }




@book{
StonhamJ2004,
   Author = {Stonham, John},
   Title = {Linguistic Theory and Complex Words},
   Publisher = {Palgrave Macmillan},
   Address = {London},
      Year = {2004} }




@incollection{
StoryG1989,
   Author = {Story, Gillian L.},
   Title = {A report on the nature of Carrier pitch phenomena: With special reference to the verb prefix tonomechanics},
   BookTitle = {Athapaskan linguistics: Current perspectives on a language family},
   Editor = {Cook, Eung-Do and Rice, Keren},
   Publisher = {Mouton de Gruyter},
   Address = {Berlin},
   Pages = {99-144},
      Year = {1989} }




@article{
SwantonJ1902,
   Author = {Swanton, John R.},
   Title = {Notes on the Haida language},
   Journal = {American Anthropologist, New Series},
   Volume = {4},
   Number = {3},
   Pages = {392-403},
      Year = {1902} }




@article{
SzaboL1972,
   Author = {Szabó, László},
   Title = {Stress and vowel length in Malecite},
   Journal = {Proceedings of the American Philosophical Society},
   Volume = {116},
   Number = {4},
   Pages = {338-342},
      Year = {1972} }




@article{
SzaboL1974,
   Author = {Szabó, László},
   Title = {English loanwords in Malecite},
   Journal = {American Speec},
   Volume = {49},
   Number = {3/4},
   Pages = {235-240},
      Year = {1974} }




@article{
TaffARozelleLChoTLadefogedPDirksMWegelinJ2001,
   Author = {Taff, Alice and Rozelle, Lorna and Cho, Taehong and Ladefoged, Peter and Dirks, Moses and Wegelin, Jacob},
   Title = {Phonetic structures of Aleut},
   Journal = {Journal of Phonetics},
   Volume = {29},
   Pages = {231-271},
      Year = {2001} }




@article{
TaylorA1963,
   Author = {Taylor, Allan R.},
   Title = {Comparative Caddoan},
   Journal = {International Journal of American Linguistics},
   Volume = {29},
   Number = {2},
   Pages = {113-131},
      Year = {1963} }




@book{
TedlockD1983,
   Author = {Tedlock, Dennis},
   Title = {The spoken word and the work of interpretation},
   Publisher = {University of Pennsylvania Press},
   Address = {Philadelphia},
      Year = {1983} }




@book{
TedlockD1999,
   Author = {Tedlock, Dennis},
   Title = {Finding the center : the art of the Zuni storyteller},
   Publisher = {University of Nebraska Press},
   Address = {Lincoln},
      Year = {1999} }




@phdthesis{
TenenbaumJ1978,
   Author = {Tenenbaum, Joan M.},
   Title = {Morphology and semantics of the Dena'ina verb},
   School = {Columbia University},
      Year = {1978} }




@book{
TenenbaumJ2006,
   Author = {Tenenbaum, Joan M. (Compiler)},
   Title = {Dena’ina Sukdu’a:  Traditional Stories of the Tanaina {Athabaskan}s},
   Publisher = {{Alaska} Native Language Center},
   Address = {Fairbanks},
   Keywords = {Dena'ina
{Athabascan}
narrative collection},
   Year = {2006} }




@incollection{
ThomasonLThomasonS2004,
   Author = {Thomason, Lucy and Thomason, Sarah},
   Title = {Truncation in Montana Salish},
   BookTitle = {Studies in Salish Linguistics in Honor of M. Dale Kinkade},
   Editor = {Gerdts, Donna B. and Matthewson, Lisa},
   Publisher = {University of Montana},
   Address = {Missoula},
      Year = {2004} }




@phdthesis{
ThompsonC1989,
   Author = {Thompson, Chad},
   Title = {Voice and Obviation in {Athabaskan} and Other Languages},
   School = {University of Oregon},
      Year = {1989} }




@book{
ThompsonC1990,
   Author = {Thompson, Chad},
   Title = {K'etetaalkkaanee: The one who paddled among the people and animals. An analytical companion volume. },
   Publisher = {Yukon Koyukuk School District and {Alaska} Native Language Center},
   Address = {Fairbanks},
      Year = {1990} }




@article{
ThompsonC1993,
   Author = {Thompson, Chad},
   Title = {The areal prefix hu̵- in {Koyukon} Athapaskan},
   Journal = {International Journal of American Linguistics},
   Volume = {59},
   Number = {3},
   Pages = {315-333},
      Year = {1993} }




@incollection{
ThompsonC1996,
   Author = {Thompson, Chad},
   Title = {History and Function of the Yi-/Bi- Alternation in {Athabaskan}},
   BookTitle = {{Athabaskan} Language Studies: Essays in Honor of Robert W. Young},
   Editor = {Jelinek, Eloise et al.},
   Publisher = {University of New Mexico Press},
   Address = {Albuquerque},
   Pages = {101-121},
      Year = {1996} }




@incollection{
ThompsonC2000,
   Author = {Thompson, Chad},
   Title = {Iconicity and word order in {Koyukon} {Athabascan}},
   BookTitle = {The {Athabaskan} languages: Perspectives on a Native American language family},
   Editor = {Fernald, Theodore B. and Platero, Paul R.},
   Publisher = {Oxford University Press},
   Address = {Oxford},
   Pages = {228-251},
      Year = {2000} }




@article{
ThompsonLThompsonM1966,
   Author = {Thompson, Laurence C. and Thompson, M. Terry},
   Title = {A fresh look at Tillamook phonology},
   Journal = {International Journal of American Linguistics},
   Volume = {32},
   Number = {4},
   Pages = {313-319},
      Year = {1966} }




@article{
ThompsonLThompsonM1971,
   Author = {Thompson, Laurence C. and Thompson, M. Terry},
   Title = {Clallam: A preview},
   Journal = {University of California Publications in Linguistics},
   Volume = {65},
   Pages = {251-294},
      Year = {1971} }




@article{
ThompsonLThompsonMEfratB1974,
   Author = {Thompson, Laurence C. and Thompson, M. Terry and Efrat, Barbara S.},
   Title = {Some phonological developments in Straits Salish},
   Journal = {International Journal of American Linguistics},
   Volume = {40},
   Number = {3},
   Pages = {182-196},
      Year = {1974} }




@phdthesis{
ToddE1970,
   Author = {Todd, Evelyn Mary},
   Title = {A grammar of the Ojibwa language : the Severn dialect},
   School = {University of North Carolina},
      Year = {1970} }




@article{
TragerF1971,
   Author = {Trager, Felicia Harben},
   Title = {The phonology of Picuris},
   Journal = {International Journal of American Linguistics},
   Volume = {37},
   Number = {1},
   Pages = {29-33},
      Year = {1971} }




@article{
TragerG1943,
   Author = {Trager, George L.},
   Title = {The kinship and status terms of the Tiwa languages},
   Journal = {American Anthropologist, New Series},
   Volume = {45},
   Number = {4},
   Pages = {557-571},
      Year = {1943} }




@article{
TragerG1948,
   Author = {Trager, George L.},
   Title = {Taos I: A language revisited},
   Journal = {International Journal of American Linguistics},
   Volume = {14},
   Number = {3},
   Pages = {155-160},
      Year = {1948} }




@incollection{
TuttleS1996,
   Author = {Tuttle, Siri G.},
   Title = {Direct Objects in Salcha {Athabaskan}},
   BookTitle = {{Athabaskan} Language Studies: Essays in Honor of Robert W. Young},
   Editor = {Jelinek, Eloise and Midgette, Sally and Rice, Keren and Saxon, Leslie},
   Publisher = {University of New Mexico Press},
   Address = {Albuquerque},
   Pages = {101-121},
      Year = {1996} }




@phdthesis{
TuttleS1998,
   Author = {Tuttle, Siri G.},
   Title = {Metrical and tonal structures in Tanana {Athabaskan}. Ph.D. dissertation, University of Washington},
      Year = {1998} }




@incollection{
TuttleS2005,
   Author = {Tuttle, Siri G.},
   Title = {Duration, intonation, and prominence in Apache},
   BookTitle = {{Athabaskan} prosody},
   Editor = {Hargus, Sharon and Rice, Keren},
   Publisher = {John Benjamins},
   Address = {Amsterdam},
   Pages = {319-344},
      Year = {2005} }




@article{
TuttleS2008,
   Author = {Tuttle, Siri G.},
   Title = {Phonetics and word definition in {Ahtna} {Athabascan}},
   Journal = {Linguistics},
   Volume = {46},
   Number = {2},
   Pages = {439-470},
      Year = {2008} }




@book{
TuttleS2009{Ahtna},
   Author = {Tuttle, Siri G.},
   Title = {{Ahtna} {Athabascan} Grammar Reference},
   Publisher = {Mount Sanford Tribal Consortium},
   Address = {Chistochina},
      Year = {2009} }




@book{
TuttleS2009Minto,
   Author = {Tuttle, Siri G.},
   Title = {Benhti Kokht'ana Kenaga': Lower Tanana Pocket Dictionary},
   Publisher = {{Alaska} Native Language Center},
   Address = {Fairbanks},
      Year = {2009} }




@article{
TuttleSLovickO2007,
   Author = {Tuttle, Siri G. and Lovick, Olga},
   Title = {Intonational marking of discourse units in two Denaʼina narratives},
   Journal = {Interfaces discours—prosodie: actes du 2ième Symposium international & Colloque Charles Bally Nouveaux cahiers de linguistique française},
   Volume = {28},
   Pages = {305-316},
      Year = {2007} }




@misc{
BibTeX,
   Author = {Tuttle, Siri G. and Lovick, Olga},
   Title = {The development of the {Upper Tanana} vowel system (poster)},
         Year = {2008} }




@misc{
BibTeX,
   Author = {Tuttle, Siri G. and Lovick, Olga},
   Title = {Prosodic marking of information structure in {Alaska}n {Athabascan} text},
         Year = {2013} }




@article{
TuttleSLovickONunez-OrtizI2011,
   Author = {Tuttle, Siri G. and Lovick, Olga and Núñez-Ortiz, Isabel},
   Title = {Vowels of {Upper Tanana} {Athabascan}},
   Journal = {Journal of the International Phonetic Association},
   Volume = {41},
   Number = {3},
   Pages = {283-312},
      Year = {2011} }




@article{
TuttleSSandovalM2002,
   Author = {Tuttle, Siri G. and Sandoval, Merton},
   Title = {Jicarilla Apache},
   Journal = {Journal of the International Phonetic Association},
   Volume = {32},
   Number = {1},
   Pages = {105-112},
      Year = {2002} }




@book{
TyoneM1996,
   Author = {Tyone, Mary},
   Title = {Ttheek’ädn {Ut’iin} {Yaaniidą’} {Ǫǫnign’}: {O}ld Time Stories of the {Scottie} {Creek} People. {S}tories told in {Upper} {Tanana} {{Athabaskan}} by {Mary} {Tyone}, {Ts’ą’} {Yahnik}},
   Publisher = {{Alaska} Native Language Center},
   Address = {Fairbanks},
      Year = {1996} }




@book{
UrbanczykS2001,
   Author = {Urbanczyk, Suzanne},
   Title = {Patterns of reduplication in Lushootseed},
   Publisher = {Garland Publishers, Inc.},
   Address = {New York & London},
      Year = {2001} }




@incollection{
ValentineJ1996,
   Author = {Valentine, J. Randolph},
   Title = {Amik Anicinaabewigoban: Rhetorical structures in Albert Mowatt's telling of an Algonquin tale},
   BookTitle = {nikotwâsik iskwâhtêm, pâskihtêpayih! Studies in honour of H.C. Wolfart},
   Editor = {Nichols, John D. and Ogg, Arden C.},
   Publisher = {Algonquian and Iroquoian Linguistics},
   Address = {Winnipeg},
   Volume = {387-419},
      Year = {1996} }




@book{
ValentineJ2001,
   Author = {Valentine, J. Randolph},
   Title = {Nishnaabemwin reference grammar},
   Publisher = {University of Toronto Press},
   Address = {Toronto},
      Year = {2001} }




@article{
vanderAuweraJDevosM2011,
   Author = {van der Auwera, Johan and Devos, Maud},
   Title = {Irrealis in positive imperatives and in prohibitives},
   Journal = {Language Sciences},
   Volume = {34},
   Pages = {171–183},
      Year = {2011} }




@phdthesis{
vanderMark2003,
   Author = {Van der Mark, Sheena Chantal},
   Title = {The phonetics of Blackfoot pitch accent},
   School = {University of Calgary},
      Year = {2003} }




@book{
vanEijk1997,
   Author = {Van Eijk, Jan},
   Title = {The Lillooet language: Phonology, morphology, syntax},
   Publisher = {UBC Press},
   Address = {Vancouver},
      Year = {1997} }




@book{
VinayP1992,
   Author = {Vinay, Paul},
   Title = {Carnet de note Montagnais-Naskapi, 1947-1992. },
   Publisher = {Les Editions Laplante-Agnew},
   Address = {Sidney},
      Year = {1992} }




@article{
ViveirosDeCastroE1998,
   Author = {Viveiros de Castro, Eduardo},
   Title = {Cosmological deixis and Amerindian perspectivism},
   Journal = {Journal of the Royal Anthropological Institute},
   Pages = {469-488},
   Year = {1998} }




@article{
Voegelin1935,
   Author = {Voegelin, Carl F.},
   Title = {Shawnee phonemes},
   Journal = {Language},
   Volume = {11},
   Number = {1},
   Pages = {23-37},
      Year = {1935} }




@incollection{
VoegelinC1946,
   Author = {Voegelin, Carl F.},
   Title = {Delaware: An eastern Algonquian language},
   BookTitle = {Linguistic structures of native America},
   Editor = {Osgood, Cornelius},
   Publisher = {Viking Fund},
   Address = {New York},
   Pages = {130-157},
      Year = {1946} }




@book{
VogtH1940,
   Author = {Vogt, Hans},
   Title = {The Kalispel language: An outline of the grammar with texts, translations, and dictionary},
   Publisher = {Det Norske Videnskaps-Akademi, I kommisjon hos J. Dybwad},
   Address = {Oslo},
      Year = {1940} }




@article{
Voorhis1971,
   Author = {Voorhis, Paul},
   Title = {New notes on the Mesquakie (Fox) language},
   Journal = {International Journal of American Linguistics},
   Volume = {37},
   Number = {2},
   Pages = {63-75},
      Year = {1971} }




@book{
Voorhis1974,
   Author = {Voorhis, Paul },
   Title = {Introduction to the Kickapoo language},
   Publisher = {Indiana University},
   Address = {Bloomington},
      Year = {1974} }




@incollection{
WardGBirnerB2001,
   Author = {Ward, Gregory and Birner, Betty J.},
   Title = {Discourse and information structure},
   BookTitle = {The handbook of discourse analysis.},
   Editor = {Schiffrin, Deborah and Tannen, Deborah and Hamilton, Heidi E.},
   Publisher = {Blackwell},
   Address = {Malden et al.},
   Pages = {119-137},
      Year = {2001} }




@book{
WassillieA1980,
   Author = {Wassillie, Albert},
   Title = {Nuvendaltun ht’ana sukdu’a: Nondalton people’s stories},
   Publisher = {{Alaska} Native Language Center},
   Address = {Fairbanks},
   Keywords = {Dena'ina
{Athabascan}
narrative collection
literary},
   Year = {1980} }




@book{
WatahomigieLBenderJYamamotoA1982,
   Author = {Watahomigie, Lucille J. and Bender, Jorigine and Yamamoto, Akira Y.},
   Title = {Hualapai reference grammar},
   Publisher = {American Indian Studies Center, UCLA},
   Address = {Los Angeles},
      Year = {1982} }




@book{
WatkinsKMcKenzieP1984,
   Author = {Watkins, Laurel J. and McKenzie, Parker},
   Title = {A grammar of Kiowa},
   Publisher = {University of Nebraska Press},
   Address = {Lincoln},
   Series = {Studies in the anthropology of North American Indians},
      Year = {1984} }




@article{
Weltfish1936,
   Author = {Weltfish, Gene},
   Title = {The vision story of Fox-Boy, a south band Pawnee text (with translation and grammatical analysis)},
   Journal = {International Journal of American Linguistics},
   Volume = {9},
   Number = {1},
   Pages = {44-75},
      Year = {1936} }




@article{
WhitmanW1947,
   Author = {Whitman, William},
   Title = {Descriptive Grammar of Ioway-Oto},
   Journal = {International Journal of American Linguistics},
   Volume = {13},
   Number = {4},
   Pages = {233-248},
      Year = {1947} }




@article{
WilhelmA2007nouns,
   Author = {Wilhelm, Andrea},
   Title = {Bare nouns and number in Dëne Sųłiné},
   Journal = {Natural Language Semantics},
   Volume = {16},
   Pages = {39–68},
      Year = {2007} }




@book{
WilhelmA2007telicity,
   Author = {Wilhelm, Andrea},
   Title = {Telicity and durativity: a study of aspect in Dëne Sųłiné (Chipewyan) and German},
   Publisher = {Routledge},
   Address = {New York},
   Series = {Outstanding Dissertations in Linguistics Series},
      Year = {2007} }




@phdthesis{
WilliamsM1974,
   Author = {Williams, Marianne Mithun},
   Title = {A grammar of Tuscarora},
      Year = {1974} }




@phdthesis{
WillieM1991,
   Author = {Willie, MaryAnn},
   Title = {Navajo pronouns and obviation},
      Year = {1991} }




@incollection{
WillieM1996,
   Author = {Willie, MaryAnn},
   Title = {On the expression of modality in Navajo},
   BookTitle = {{Athabaskan} Language Studies: Essays in Honor of Robert W. Young},
   Editor = {Jelinek, Eloise and Midgette, Sally and Rice, Keren and Saxon, Leslie},
   Publisher = {University of New Mexico Press},
   Address = {Albuquerque},
   Pages = {331–347},
      Year = {1996} }




@incollection{
WillieMJelinekE2000,
   Author = {Willie, MaryAnn and Jelinek, Eloise},
   Title = {Navajo as a discourse configurational language},
   BookTitle = {The {Athabaskan} languages: Perspectives on a Native American language family},
   Editor = {Fernald, Theodore B. and Platero, Paul R.},
   Publisher = {Oxford University Press},
   Address = {Oxford},
   Pages = {252–287},
      Year = {2000} }




@misc{
BibTeX,
   Author = {Wolvengrey, Arok E.},
   Title = {Aboriginal languages},
   Volume = {2012},
   Number = {April 26},
         Year = {2006} }




@book{
WolvengreyA2011,
   Author = {Wolvengrey, Arok E.},
   Title = {Semantic and pragmatic functions in Plains Cree syntax},
   Publisher = {University of Amsterdam},
   Address = {Amsterdam},
      Year = {2011} }




@article{
WoodburyA1985,
   Author = {Woodbury, Anthony},
   Title = {The function of rhetorical structure: A study of Central {Alaska}n Yupik Eskimo discourse},
   Journal = {Language in Society},
   Volume = {14},
   Pages = {153-190},
      Year = {1985} }




@incollection{
WoodburyA1998,
   Author = {Woodbury, Anthony},
   Title = {Documenting rhetorical, aesthetic, and expressive loss in language shift},
   BookTitle = {Endangered Languages},
   Editor = {Grenoble, Lenore and Whaley, Lindsay},
   Publisher = {Cambridge University press},
   Address = {Cambridge},
   Pages = {234-258},
      Year = {1998} }




@phdthesis{
WoodburyH1975,
   Author = {Woodbury, Hanni Joch},
   Title = {Noun incorporation in Onondaga},
   School = {Yale University},
      Year = {1975} }




@article{
YuA2005,
   Author = {Yu, Alan C. L.},
   Title = {Quantity, stress, and reduplication in Washo},
   Journal = {Phonology},
   Volume = {22},
   Number = {3},
   Pages = {437-475},
      Year = {2005} }




@phdthesis{
YumitaniY1998,
   Author = {Yumitani, Yukihiro},
   Title = {A phonology and morphology of Jemez Towa},
   School = {University of Kansas},
      Year = {1998} }




@article{
ZecD1995,
   Author = {Zec, Draga},
   Title = {Sonority constraints on syllable structure},
   Journal = {Phonology},
   Volume = {12},
   Number = {1},
   Pages = {85-129},
      Year = {1995} }




@book{
ZigmundMBoothCMunroP1991,
   Author = {Zigmond, Maurice L. and Booth, Curtis G. and Munro, Pamela},
   Title = {Kawaiisu: A grammar and dictionary with texts},
   Publisher = {University of California Press},
   Address = {Berkeley et al.},
      Year = {1991} }
